日期,开盘,最高,最低,收盘,成交量,成交额,振幅,涨跌幅,涨跌额,换手率,ETF代码,ETF名称,爬取时间,折溢价率,IOPV,前收盘,量比,委比,外盘,内盘,主力净流入-净额,主力净流入-净占比,超大单净流入-净额,超大单净流入-净占比,大单净流入-净额,大单净流入-净占比,中单净流入-净额,中单净流入-净占比,小单净流入-净额,小单净流入-净占比,现手,买一,卖一,最新份额,流通市值,总市值,更新时间
2025-09-22,1.167,1.171,1.16,1.17,2638537314.0,30870886.57,0.94,0.26,0.003,,159361,A500ETF易方达,2025-09-22 21:52:51,,,,,,,,,,,,,,,,,,,,,,,,
2025-09-19,1.166,1.175,1.162,1.167,2664136323.0,31090470.89,1.11,-0.09,-0.001,,159361,A500ETF易方达,2025-09-19 18:14:22,,,,,,,,,,,,,,,,,,,,,,,,
2025-09-18,1.18,1.187,1.152,1.168,2646697708.0,30913429.23,2.97,-0.85,-0.01,,159361,A500ETF易方达,2025-09-19 18:14:22,,,,,,,,,,,,,,,,,,,,,,,,
2025-09-17,1.171,1.179,1.164,1.178,2586686074.0,30471161.95,1.28,0.6,0.007,,159361,A500ETF易方达,2025-09-19 18:14:22,,,,,,,,,,,,,,,,,,,,,,,,
2025-09-16,1.168,1.174,1.158,1.167,2593911737.0,30270949.97,1.37,-0.09,-0.001,,159361,A500ETF易方达,2025-09-18 22:22:51,,,,,,,,,,,,,,,,,,,,,,,,
2025-09-12,1.171,1.174,1.164,1.167,253814.32,2968059352.976,0.85,-0.34,-0.004,14.68,159361,A500ETF易方达,2025-09-12 22:21:36,-0.28,1.1637,1.171,1.02,15.98,12683826.0,12697606.0,-19379184.0,-0.65,-16075440.0,-0.54,-3303744.0,-0.11,19349377.0,0.65,29813.0,0.0,930.0,1.166,1.167,17294090240.0,20182203310.0,20182203310.0,2025-09-12 15:34:12+08:00
2025-09-11,1.137,1.172,1.135,1.171,2552587034.0,29890794.17,0.0,0.0,0.0,0.0,159361,A500ETF易方达,2025-09-11 22:22:15,0.0,,,,,,,,,,,,,,,,,,,,,,,
2025-09-10,1.138,1.147,1.131,1.141,2663837575.0,30394386.73,0.0,0.0,0.0,0.0,159361,A500ETF易方达,2025-09-10 22:21:27,0.0,,,,,,,,,,,,,,,,,,,,,,,
2025-09-09,1.147,1.15,1.133,1.14,2372984146.0,27052019.26,0.0,0.0,0.0,0.0,159361,A500ETF易方达,2025-09-09 18:57:38,,,,,,,,,,,,,,,,,,,,,,,,
2025-09-08,1.143,1.15,1.137,1.147,2402095694.0,27552037.61,0.0,0.0,0.0,0.0,159361,A500ETF易方达,2025-09-08 18:27:51,,,,,,,,,,,,,,,,,,,,,,,,
2025-09-05,1.11,1.146,1.109,1.144,2439498560.0,2790.79,3.33,3.06,0.034,0.0,159361,A500ETF易方达,2025-09-06 17:14:18,,,,,,,,,,,,,,,,,,,,,,,,
2025-09-04,1.135,1.143,1.098,1.11,2902414131.0,3221.68,3.95,-2.63,-0.03,0.0,159361,A500ETF易方达,2025-09-06 17:14:18,,,,,,,,,,,,,,,,,,,,,,,,
2025-09-03,1.153,1.155,1.132,1.14,2093472734.0,2386.56,2.0,-0.96,-0.011,0.0,159361,A500ETF易方达,2025-09-06 17:14:18,,,,,,,,,,,,,,,,,,,,,,,,
2025-09-02,1.16,1.166,1.14,1.151,1520734139.0,1750.36,2.24,-0.86,-0.01,0.0,159361,A500ETF易方达,2025-09-06 17:14:18,,,,,,,,,,,,,,,,,,,,,,,,
2025-09-01,1.154,1.163,1.149,1.161,1855758032.0,2154.54,1.21,0.69,0.008,0.0,159361,A500ETF易方达,2025-09-06 17:14:18,,,,,,,,,,,,,,,,,,,,,,,,
2025-08-29,1.141,1.158,1.133,1.153,2001919103.0,2308.21,2.19,1.14,0.013,0.0,159361,A500ETF易方达,2025-09-06 17:14:18,,,,,,,,,,,,,,,,,,,,,,,,
2025-08-28,1.122,1.142,1.113,1.14,2006874839.0,2287.84,2.59,1.69,0.019,0.0,159361,A500ETF易方达,2025-09-06 17:14:18,,,,,,,,,,,,,,,,,,,,,,,,
2025-08-27,1.137,1.15,1.119,1.121,2114721976.0,2370.6,2.73,-1.41,-0.016,0.0,159361,A500ETF易方达,2025-09-06 17:14:18,,,,,,,,,,,,,,,,,,,,,,,,
2025-08-26,1.138,1.143,1.13,1.137,1964862491.0,2234.05,1.14,-0.26,-0.003,0.0,159361,A500ETF易方达,2025-09-06 17:14:18,,,,,,,,,,,,,,,,,,,,,,,,
2025-08-25,1.12,1.14,1.12,1.14,1973564645.0,2249.86,1.79,2.24,0.025,0.0,159361,A500ETF易方达,2025-09-06 17:14:18,,,,,,,,,,,,,,,,,,,,,,,,
2025-08-22,1.09,1.117,1.09,1.115,2105382953.0,2347.5,2.48,2.29,0.025,0.0,159361,A500ETF易方达,2025-09-06 17:14:18,,,,,,,,,,,,,,,,,,,,,,,,
2025-08-21,1.09,1.096,1.086,1.09,2004900547.0,2185.34,0.92,0.09,0.001,0.0,159361,A500ETF易方达,2025-09-06 17:14:18,,,,,,,,,,,,,,,,,,,,,,,,
2025-08-20,1.074,1.089,1.065,1.089,1891151577.0,2059.46,2.23,1.3,0.014,0.0,159361,A500ETF易方达,2025-09-06 17:14:18,,,,,,,,,,,,,,,,,,,,,,,,
2025-08-19,1.081,1.085,1.072,1.075,2171043907.0,2333.87,1.2,-0.56,-0.006,0.0,159361,A500ETF易方达,2025-09-06 17:14:18,,,,,,,,,,,,,,,,,,,,,,,,
2025-08-18,1.07,1.088,1.068,1.081,2049562089.0,2215.58,1.87,1.03,0.011,0.0,159361,A500ETF易方达,2025-09-06 17:14:18,,,,,,,,,,,,,,,,,,,,,,,,
2025-08-15,1.056,1.071,1.054,1.07,2194276892.0,2347.88,1.61,1.23,0.013,0.0,159361,A500ETF易方达,2025-09-06 17:14:18,,,,,,,,,,,,,,,,,,,,,,,,
2025-08-14,1.06,1.07,1.055,1.057,2057674082.0,2174.96,1.42,-0.28,-0.003,0.0,159361,A500ETF易方达,2025-09-06 17:14:18,,,,,,,,,,,,,,,,,,,,,,,,
2025-08-13,1.05,1.062,1.05,1.06,2157876427.0,2287.35,1.14,0.95,0.01,0.0,159361,A500ETF易方达,2025-09-06 17:14:18,,,,,,,,,,,,,,,,,,,,,,,,
2025-08-12,1.047,1.053,1.044,1.05,2024118291.0,2125.32,0.86,0.29,0.003,0.0,159361,A500ETF易方达,2025-09-06 17:14:18,,,,,,,,,,,,,,,,,,,,,,,,
2025-08-11,1.04,1.05,1.04,1.047,2040919429.0,2136.84,0.96,0.77,0.008,0.0,159361,A500ETF易方达,2025-09-06 17:14:18,,,,,,,,,,,,,,,,,,,,,,,,
2025-08-08,1.042,1.044,1.037,1.039,1898026649.0,1972.05,0.67,-0.29,-0.003,0.0,159361,A500ETF易方达,2025-09-06 17:14:18,,,,,,,,,,,,,,,,,,,,,,,,
2025-08-07,1.042,1.046,1.035,1.042,1912429136.0,1992.75,1.05,-0.1,-0.001,0.0,159361,A500ETF易方达,2025-09-06 17:14:18,,,,,,,,,,,,,,,,,,,,,,,,
2025-08-06,1.037,1.043,1.035,1.043,2054900617.0,2143.26,0.77,0.58,0.006,0.0,159361,A500ETF易方达,2025-09-06 17:14:18,,,,,,,,,,,,,,,,,,,,,,,,
2025-08-05,1.031,1.038,1.031,1.037,1811816994.0,1878.85,0.68,0.58,0.006,0.0,159361,A500ETF易方达,2025-09-06 17:14:18,,,,,,,,,,,,,,,,,,,,,,,,
2025-08-04,1.022,1.031,1.021,1.031,1664805915.0,1716.41,0.97,0.49,0.005,0.0,159361,A500ETF易方达,2025-09-06 17:14:18,,,,,,,,,,,,,,,,,,,,,,,,
2025-08-01,1.03,1.033,1.021,1.026,2045366875.0,2098.55,1.16,-0.48,-0.005,0.0,159361,A500ETF易方达,2025-09-06 17:14:18,,,,,,,,,,,,,,,,,,,,,,,,
2025-07-31,1.048,1.048,1.027,1.031,1718143796.0,1771.41,2.0,-1.72,-0.018,0.0,159361,A500ETF易方达,2025-09-06 17:14:18,,,,,,,,,,,,,,,,,,,,,,,,
2025-07-30,1.051,1.059,1.042,1.049,1673861354.0,1755.88,1.62,-0.19,-0.002,0.0,159361,A500ETF易方达,2025-09-06 17:14:18,,,,,,,,,,,,,,,,,,,,,,,,
2025-07-29,1.047,1.052,1.04,1.051,1592791794.0,1674.02,1.15,0.38,0.004,0.0,159361,A500ETF易方达,2025-09-06 17:14:18,,,,,,,,,,,,,,,,,,,,,,,,
2025-07-28,1.043,1.047,1.037,1.047,1738578049.0,1820.29,0.96,0.38,0.004,0.0,159361,A500ETF易方达,2025-09-06 17:14:18,,,,,,,,,,,,,,,,,,,,,,,,
2025-07-25,1.046,1.047,1.039,1.043,1971491158.0,2056.27,0.76,-0.29,-0.003,0.0,159361,A500ETF易方达,2025-09-06 17:14:18,,,,,,,,,,,,,,,,,,,,,,,,
2025-07-24,1.036,1.046,1.036,1.046,1697957312.0,1776.06,0.97,0.97,0.01,0.0,159361,A500ETF易方达,2025-09-06 17:14:18,,,,,,,,,,,,,,,,,,,,,,,,
2025-07-23,1.038,1.046,1.036,1.036,1768572636.0,1832.24,0.96,-0.19,-0.002,0.0,159361,A500ETF易方达,2025-09-06 17:14:18,,,,,,,,,,,,,,,,,,,,,,,,
2025-07-22,1.028,1.039,1.025,1.038,1398091459.0,1451.22,1.36,1.07,0.011,0.0,159361,A500ETF易方达,2025-09-06 17:14:18,,,,,,,,,,,,,,,,,,,,,,,,
2025-07-21,1.025,1.028,1.021,1.027,797220446.0,818.75,0.69,0.59,0.006,0.0,159361,A500ETF易方达,2025-09-06 17:14:18,,,,,,,,,,,,,,,,,,,,,,,,
2025-07-18,1.017,1.022,1.015,1.021,836731844.0,854.3,0.69,0.69,0.007,0.0,159361,A500ETF易方达,2025-09-06 17:14:18,,,,,,,,,,,,,,,,,,,,,,,,
2025-07-17,1.005,1.015,1.002,1.014,862407758.0,874.48,1.29,1.0,0.01,0.0,159361,A500ETF易方达,2025-09-06 17:14:18,,,,,,,,,,,,,,,,,,,,,,,,
2025-07-16,1.005,1.01,1.002,1.004,829878525.0,833.2,0.8,-0.1,-0.001,0.0,159361,A500ETF易方达,2025-09-06 17:14:18,,,,,,,,,,,,,,,,,,,,,,,,
2025-07-15,1.005,1.012,0.999,1.005,1125902669.0,1131.53,1.29,-0.1,-0.001,0.0,159361,A500ETF易方达,2025-09-06 17:14:18,,,,,,,,,,,,,,,,,,,,,,,,
2025-07-14,1.005,1.01,1.004,1.006,1253373551.0,1260.89,0.6,0.1,0.001,0.0,159361,A500ETF易方达,2025-09-06 17:14:18,,,,,,,,,,,,,,,,,,,,,,,,
2025-07-11,1.002,1.016,1.0,1.005,1365046903.0,1371.87,1.6,0.3,0.003,0.0,159361,A500ETF易方达,2025-09-06 17:14:18,,,,,,,,,,,,,,,,,,,,,,,,
2025-07-10,0.996,1.007,0.996,1.002,1093027411.0,1095.21,1.1,0.5,0.005,0.0,159361,A500ETF易方达,2025-09-06 17:14:18,,,,,,,,,,,,,,,,,,,,,,,,
2025-07-09,0.999,1.003,0.995,0.997,1152604842.0,1149.15,0.8,-0.2,-0.002,0.0,159361,A500ETF易方达,2025-09-06 17:14:18,,,,,,,,,,,,,,,,,,,,,,,,
2025-07-08,0.988,1.0,0.987,0.999,996874365.0,995.88,1.32,1.11,0.011,0.0,159361,A500ETF易方达,2025-09-06 17:14:18,,,,,,,,,,,,,,,,,,,,,,,,
2025-07-07,0.992,0.992,0.986,0.988,950584872.0,939.18,0.61,-0.3,-0.003,0.0,159361,A500ETF易方达,2025-09-06 17:14:18,,,,,,,,,,,,,,,,,,,,,,,,
2025-07-04,0.991,1.002,0.987,0.991,1226735294.0,1215.69,1.51,0.0,0.0,0.0,159361,A500ETF易方达,2025-09-06 17:14:18,,,,,,,,,,,,,,,,,,,,,,,,
2025-07-03,0.984,0.992,0.984,0.991,761005265.0,754.16,0.81,0.71,0.007,0.0,159361,A500ETF易方达,2025-09-06 17:14:18,,,,,,,,,,,,,,,,,,,,,,,,
2025-07-02,0.985,0.987,0.982,0.984,772712196.0,760.35,0.51,-0.1,-0.001,0.0,159361,A500ETF易方达,2025-09-06 17:14:18,,,,,,,,,,,,,,,,,,,,,,,,
2025-07-01,0.984,0.987,0.981,0.985,760342149.0,748.94,0.61,-0.2,-0.002,0.0,159361,A500ETF易方达,2025-09-06 17:14:18,,,,,,,,,,,,,,,,,,,,,,,,
2025-06-30,0.979,0.987,0.978,0.987,1235875924.0,1219.81,0.92,0.82,0.008,0.0,159361,A500ETF易方达,2025-09-06 17:14:18,,,,,,,,,,,,,,,,,,,,,,,,
2025-06-27,0.982,0.988,0.976,0.979,1179621170.0,1154.85,1.22,-0.2,-0.002,0.0,159361,A500ETF易方达,2025-09-06 17:14:18,,,,,,,,,,,,,,,,,,,,,,,,
2025-06-26,0.982,0.986,0.981,0.981,1047233216.0,1027.34,0.51,-0.2,-0.002,0.0,159361,A500ETF易方达,2025-09-06 17:14:18,,,,,,,,,,,,,,,,,,,,,,,,
2025-06-25,0.97,0.985,0.969,0.983,1077490506.0,1059.17,1.65,1.44,0.014,0.0,159361,A500ETF易方达,2025-09-06 17:14:18,,,,,,,,,,,,,,,,,,,,,,,,
2025-06-24,0.956,0.972,0.956,0.969,1182499760.0,1145.84,1.67,1.25,0.012,0.0,159361,A500ETF易方达,2025-09-06 17:14:18,,,,,,,,,,,,,,,,,,,,,,,,
2025-06-23,0.949,0.959,0.948,0.957,840526775.0,804.38,1.16,0.53,0.005,0.0,159361,A500ETF易方达,2025-09-06 17:14:18,,,,,,,,,,,,,,,,,,,,,,,,
2025-06-20,0.953,0.958,0.952,0.952,852040364.0,811.14,0.63,-0.21,-0.002,0.0,159361,A500ETF易方达,2025-09-06 17:14:18,,,,,,,,,,,,,,,,,,,,,,,,
2025-06-19,0.959,0.962,0.951,0.954,906093248.0,864.41,1.14,-0.83,-0.008,0.0,159361,A500ETF易方达,2025-09-06 17:14:18,,,,,,,,,,,,,,,,,,,,,,,,
2025-06-18,0.963,0.964,0.957,0.962,1133028518.0,1089.97,0.73,-0.1,-0.001,0.0,159361,A500ETF易方达,2025-09-06 17:14:18,,,,,,,,,,,,,,,,,,,,,,,,
2025-06-17,0.964,0.965,0.958,0.963,761915274.0,733.72,0.73,-0.1,-0.001,0.0,159361,A500ETF易方达,2025-09-06 17:14:18,,,,,,,,,,,,,,,,,,,,,,,,
2025-06-16,0.959,0.964,0.957,0.964,830775764.0,800.87,0.73,0.42,0.004,0.0,159361,A500ETF易方达,2025-09-06 17:14:18,,,,,,,,,,,,,,,,,,,,,,,,
2025-06-13,0.963,0.966,0.957,0.96,971463531.0,932.6,0.93,-0.62,-0.006,0.0,159361,A500ETF易方达,2025-09-06 17:14:18,,,,,,,,,,,,,,,,,,,,,,,,
2025-06-12,0.966,0.969,0.961,0.966,875546815.0,845.78,0.83,0.0,0.0,0.0,159361,A500ETF易方达,2025-09-06 17:14:18,,,,,,,,,,,,,,,,,,,,,,,,
2025-06-11,0.959,0.971,0.959,0.966,1034185556.0,999.02,1.25,0.84,0.008,0.0,159361,A500ETF易方达,2025-09-06 17:14:18,,,,,,,,,,,,,,,,,,,,,,,,
2025-06-10,0.968,0.968,0.954,0.958,997963987.0,956.05,1.45,-0.73,-0.007,0.0,159361,A500ETF易方达,2025-09-06 17:14:18,,,,,,,,,,,,,,,,,,,,,,,,
2025-06-09,0.961,0.969,0.961,0.965,844780114.0,815.21,0.83,0.42,0.004,0.0,159361,A500ETF易方达,2025-09-06 17:14:18,,,,,,,,,,,,,,,,,,,,,,,,
2025-06-06,0.961,0.965,0.96,0.961,869967141.0,836.04,0.52,0.1,0.001,0.0,159361,A500ETF易方达,2025-09-06 17:14:18,,,,,,,,,,,,,,,,,,,,,,,,
2025-06-05,0.958,0.964,0.956,0.96,961642820.0,923.18,0.84,0.31,0.003,0.0,159361,A500ETF易方达,2025-09-06 17:14:18,,,,,,,,,,,,,,,,,,,,,,,,
2025-06-04,0.956,0.961,0.953,0.957,870538691.0,833.11,0.84,0.31,0.003,0.0,159361,A500ETF易方达,2025-09-06 17:14:18,,,,,,,,,,,,,,,,,,,,,,,,
2025-06-03,0.953,0.957,0.95,0.954,817524357.0,779.92,0.73,0.0,0.0,0.0,159361,A500ETF易方达,2025-09-06 17:14:18,,,,,,,,,,,,,,,,,,,,,,,,
2025-05-30,0.956,0.957,0.949,0.954,921356062.0,878.97,0.84,-0.42,-0.004,0.0,159361,A500ETF易方达,2025-09-06 17:14:18,,,,,,,,,,,,,,,,,,,,,,,,
2025-05-29,0.951,0.96,0.949,0.958,821853661.0,787.34,1.16,0.84,0.008,0.0,159361,A500ETF易方达,2025-09-06 17:14:18,,,,,,,,,,,,,,,,,,,,,,,,
2025-05-28,0.955,0.955,0.95,0.95,922614879.0,876.48,0.53,-0.21,-0.002,0.0,159361,A500ETF易方达,2025-09-06 17:14:18,,,,,,,,,,,,,,,,,,,,,,,,
2025-05-27,0.956,0.958,0.95,0.952,993799845.0,946.1,0.84,-0.42,-0.004,0.0,159361,A500ETF易方达,2025-09-06 17:14:18,,,,,,,,,,,,,,,,,,,,,,,,
2025-05-26,0.961,0.963,0.954,0.956,968285814.0,925.68,0.94,-0.62,-0.006,0.0,159361,A500ETF易方达,2025-09-06 17:14:18,,,,,,,,,,,,,,,,,,,,,,,,
2025-05-23,0.969,0.974,0.96,0.962,1057502095.0,1017.32,1.44,-0.82,-0.008,0.0,159361,A500ETF易方达,2025-09-06 17:14:18,,,,,,,,,,,,,,,,,,,,,,,,
2025-05-22,0.97,0.972,0.967,0.97,919714972.0,892.12,0.52,0.0,0.0,0.0,159361,A500ETF易方达,2025-09-06 17:14:18,,,,,,,,,,,,,,,,,,,,,,,,
2025-05-21,0.968,0.974,0.967,0.97,886154957.0,859.57,0.72,0.21,0.002,0.0,159361,A500ETF易方达,2025-09-06 17:14:18,,,,,,,,,,,,,,,,,,,,,,,,
2025-05-20,0.962,0.969,0.96,0.968,940356936.0,910.27,0.94,0.62,0.006,0.0,159361,A500ETF易方达,2025-09-06 17:14:18,,,,,,,,,,,,,,,,,,,,,,,,
2025-05-19,0.962,0.962,0.956,0.962,979859848.0,942.63,0.62,0.0,0.0,0.0,159361,A500ETF易方达,2025-09-06 17:14:18,,,,,,,,,,,,,,,,,,,,,,,,
2025-05-16,0.966,0.967,0.959,0.962,930753258.0,895.38,0.83,-0.52,-0.005,0.0,159361,A500ETF易方达,2025-09-06 17:14:18,,,,,,,,,,,,,,,,,,,,,,,,
2025-05-15,0.975,0.975,0.965,0.967,919418067.0,889.08,1.03,-0.82,-0.008,0.0,159361,A500ETF易方达,2025-09-06 17:14:18,,,,,,,,,,,,,,,,,,,,,,,,
2025-05-14,0.966,0.981,0.965,0.975,1082769086.0,1055.7,1.66,0.93,0.009,0.0,159361,A500ETF易方达,2025-09-06 17:14:18,,,,,,,,,,,,,,,,,,,,,,,,
2025-05-13,0.97,0.972,0.965,0.966,940555160.0,908.58,0.73,0.1,0.001,0.0,159361,A500ETF易方达,2025-09-06 17:14:18,,,,,,,,,,,,,,,,,,,,,,,,
2025-05-12,0.957,0.967,0.957,0.965,938552654.0,905.7,1.05,1.05,0.01,0.0,159361,A500ETF易方达,2025-09-06 17:14:18,,,,,,,,,,,,,,,,,,,,,,,,
2025-05-09,0.958,0.958,0.952,0.955,788334336.0,752.86,0.63,-0.31,-0.003,0.0,159361,A500ETF易方达,2025-09-06 17:14:18,,,,,,,,,,,,,,,,,,,,,,,,
2025-05-08,0.951,0.961,0.949,0.958,862676845.0,826.44,1.26,0.63,0.006,0.0,159361,A500ETF易方达,2025-09-06 17:14:18,,,,,,,,,,,,,,,,,,,,,,,,
2025-05-07,0.955,0.962,0.948,0.952,853545145.0,812.57,1.48,0.42,0.004,0.0,159361,A500ETF易方达,2025-09-06 17:14:18,,,,,,,,,,,,,,,,,,,,,,,,
2025-05-06,0.939,0.948,0.938,0.948,854564464.0,810.13,1.07,1.39,0.013,0.0,159361,A500ETF易方达,2025-09-06 17:14:18,,,,,,,,,,,,,,,,,,,,,,,,
2025-04-30,0.934,0.939,0.933,0.935,824639664.0,771.04,0.64,0.11,0.001,0.0,159361,A500ETF易方达,2025-09-06 17:14:18,,,,,,,,,,,,,,,,,,,,,,,,
2025-04-29,0.934,0.937,0.931,0.934,859377659.0,802.66,0.64,0.0,0.0,0.0,159361,A500ETF易方达,2025-09-06 17:14:18,,,,,,,,,,,,,,,,,,,,,,,,
2025-04-28,0.935,0.937,0.932,0.934,963966366.0,900.34,0.53,-0.21,-0.002,0.0,159361,A500ETF易方达,2025-09-06 17:14:18,,,,,,,,,,,,,,,,,,,,,,,,
2025-04-25,0.936,0.941,0.93,0.936,940608480.0,880.41,1.18,0.0,0.0,0.0,159361,A500ETF易方达,2025-09-06 17:14:18,,,,,,,,,,,,,,,,,,,,,,,,
2025-04-24,0.938,0.942,0.932,0.936,903520093.0,845.69,1.07,-0.11,-0.001,0.0,159361,A500ETF易方达,2025-09-06 17:14:18,,,,,,,,,,,,,,,,,,,,,,,,
2025-04-23,0.937,0.942,0.935,0.937,1073678373.0,1006.04,0.75,0.21,0.002,0.0,159361,A500ETF易方达,2025-09-06 17:14:18,,,,,,,,,,,,,,,,,,,,,,,,
2025-04-22,0.935,0.939,0.934,0.935,851721321.0,796.36,0.53,-0.11,-0.001,0.0,159361,A500ETF易方达,2025-09-06 17:14:18,,,,,,,,,,,,,,,,,,,,,,,,
2025-04-21,0.93,0.937,0.927,0.936,826107315.0,773.24,1.07,0.43,0.004,0.0,159361,A500ETF易方达,2025-09-06 17:14:18,,,,,,,,,,,,,,,,,,,,,,,,
2025-04-18,0.926,0.934,0.924,0.932,1048712112.0,977.4,1.08,0.43,0.004,0.0,159361,A500ETF易方达,2025-09-06 17:14:18,,,,,,,,,,,,,,,,,,,,,,,,
2025-04-17,0.923,0.932,0.923,0.928,953451526.0,884.8,0.97,0.11,0.001,0.0,159361,A500ETF易方达,2025-09-06 17:14:18,,,,,,,,,,,,,,,,,,,,,,,,
2025-04-16,0.929,0.93,0.918,0.927,883302118.0,818.82,1.29,-0.11,-0.001,0.0,159361,A500ETF易方达,2025-09-06 17:14:18,,,,,,,,,,,,,,,,,,,,,,,,
2025-04-15,0.931,0.931,0.924,0.928,799773629.0,742.19,0.75,-0.11,-0.001,0.0,159361,A500ETF易方达,2025-09-06 17:14:18,,,,,,,,,,,,,,,,,,,,,,,,
2025-04-14,0.93,0.935,0.928,0.929,883332725.0,820.62,0.76,0.22,0.002,0.0,159361,A500ETF易方达,2025-09-06 17:14:18,,,,,,,,,,,,,,,,,,,,,,,,
2025-04-11,0.917,0.931,0.916,0.927,937331501.0,868.91,1.63,0.76,0.007,0.0,159361,A500ETF易方达,2025-09-06 17:14:18,,,,,,,,,,,,,,,,,,,,,,,,
2025-04-10,0.915,0.93,0.913,0.92,952006711.0,875.85,1.88,1.77,0.016,0.0,159361,A500ETF易方达,2025-09-06 17:14:18,,,,,,,,,,,,,,,,,,,,,,,,
2025-04-09,0.875,0.908,0.875,0.904,1245605766.0,1126.03,3.7,1.35,0.012,0.0,159361,A500ETF易方达,2025-09-06 17:14:18,,,,,,,,,,,,,,,,,,,,,,,,
2025-04-08,0.889,0.894,0.879,0.892,1007400912.0,898.6,1.68,0.0,0.0,0.0,159361,A500ETF易方达,2025-09-06 17:14:18,,,,,,,,,,,,,,,,,,,,,,,,
2025-04-07,0.912,0.92,0.864,0.892,1262164163.0,1125.85,5.83,-7.08,-0.068,0.0,159361,A500ETF易方达,2025-09-06 17:14:18,,,,,,,,,,,,,,,,,,,,,,,,
2025-04-03,0.963,0.967,0.956,0.96,1036359958.0,994.91,1.14,-0.83,-0.008,0.0,159361,A500ETF易方达,2025-09-06 17:14:18,,,,,,,,,,,,,,,,,,,,,,,,
2025-04-02,0.968,0.972,0.965,0.968,913780494.0,884.54,0.72,0.0,0.0,0.0,159361,A500ETF易方达,2025-09-06 17:14:18,,,,,,,,,,,,,,,,,,,,,,,,
2025-04-01,0.966,0.973,0.966,0.968,950990099.0,920.56,0.72,0.0,0.0,0.0,159361,A500ETF易方达,2025-09-06 17:14:18,,,,,,,,,,,,,,,,,,,,,,,,
2025-03-31,0.974,0.977,0.962,0.968,1030823474.0,997.84,1.54,-0.62,-0.006,0.0,159361,A500ETF易方达,2025-09-06 17:14:18,,,,,,,,,,,,,,,,,,,,,,,,
2025-03-28,0.98,0.98,0.973,0.974,1076915368.0,1048.92,0.72,-0.41,-0.004,0.0,159361,A500ETF易方达,2025-09-06 17:14:18,,,,,,,,,,,,,,,,,,,,,,,,
2025-03-27,0.973,0.985,0.971,0.978,1134295449.0,1109.34,1.43,0.1,0.001,0.0,159361,A500ETF易方达,2025-09-06 17:14:18,,,,,,,,,,,,,,,,,,,,,,,,
2025-03-26,0.98,0.984,0.975,0.977,1033354530.0,1009.59,0.92,-0.41,-0.004,0.0,159361,A500ETF易方达,2025-09-06 17:14:18,,,,,,,,,,,,,,,,,,,,,,,,
2025-03-25,0.982,0.984,0.976,0.981,1219297130.0,1196.13,0.82,0.0,0.0,0.0,159361,A500ETF易方达,2025-09-06 17:14:18,,,,,,,,,,,,,,,,,,,,,,,,
2025-03-24,0.978,0.983,0.973,0.981,1381633333.0,1355.38,1.02,0.41,0.004,0.0,159361,A500ETF易方达,2025-09-06 17:14:18,,,,,,,,,,,,,,,,,,,,,,,,
2025-03-21,0.99,0.995,0.975,0.977,1565222141.0,1529.22,2.01,-1.61,-0.016,0.0,159361,A500ETF易方达,2025-09-06 17:14:18,,,,,,,,,,,,,,,,,,,,,,,,
2025-03-20,1.003,1.003,0.992,0.993,1584512833.0,1573.42,1.1,-1.0,-0.01,0.0,159361,A500ETF易方达,2025-09-06 17:14:18,,,,,,,,,,,,,,,,,,,,,,,,
2025-03-19,1.003,1.006,0.997,1.003,1709392323.0,1714.52,0.9,-0.1,-0.001,0.0,159361,A500ETF易方达,2025-09-06 17:14:18,,,,,,,,,,,,,,,,,,,,,,,,
2025-03-18,1.002,1.006,1.0,1.004,1651360844.0,1657.97,0.6,0.4,0.004,0.0,159361,A500ETF易方达,2025-09-06 17:14:18,,,,,,,,,,,,,,,,,,,,,,,,
2025-03-17,1.002,1.005,0.998,1.0,1868384150.0,1868.38,0.7,-0.2,-0.002,0.0,159361,A500ETF易方达,2025-09-06 17:14:18,,,,,,,,,,,,,,,,,,,,,,,,
2025-03-14,0.979,1.003,0.979,1.002,2065796498.0,2069.93,2.45,2.24,0.022,0.0,159361,A500ETF易方达,2025-09-06 17:14:18,,,,,,,,,,,,,,,,,,,,,,,,
2025-03-13,0.985,0.987,0.974,0.98,1805028015.0,1768.93,1.32,-0.51,-0.005,0.0,159361,A500ETF易方达,2025-09-06 17:14:18,,,,,,,,,,,,,,,,,,,,,,,,
2025-03-12,0.987,0.993,0.983,0.985,1675024603.0,1649.9,1.01,-0.1,-0.001,0.0,159361,A500ETF易方达,2025-09-06 17:14:18,,,,,,,,,,,,,,,,,,,,,,,,
2025-03-11,0.978,0.99,0.973,0.986,1840254527.0,1814.49,1.73,0.1,0.001,0.0,159361,A500ETF易方达,2025-09-06 17:14:18,,,,,,,,,,,,,,,,,,,,,,,,
2025-03-10,0.989,0.99,0.979,0.985,1639847052.0,1615.25,1.11,-0.4,-0.004,0.0,159361,A500ETF易方达,2025-09-06 17:14:18,,,,,,,,,,,,,,,,,,,,,,,,
2025-03-07,0.989,0.994,0.985,0.989,1770154576.0,1750.68,0.91,0.0,0.0,0.0,159361,A500ETF易方达,2025-09-06 17:14:18,,,,,,,,,,,,,,,,,,,,,,,,
2025-03-06,0.978,0.994,0.978,0.989,2026174381.0,2003.89,1.64,1.54,0.015,0.0,159361,A500ETF易方达,2025-09-06 17:14:18,,,,,,,,,,,,,,,,,,,,,,,,
2025-03-05,0.971,0.977,0.968,0.974,1927665750.0,1877.55,0.93,0.31,0.003,0.0,159361,A500ETF易方达,2025-09-06 17:14:18,,,,,,,,,,,,,,,,,,,,,,,,
2025-03-04,0.967,0.974,0.964,0.971,2145302834.0,2083.09,1.03,0.1,0.001,0.0,159361,A500ETF易方达,2025-09-06 17:14:18,,,,,,,,,,,,,,,,,,,,,,,,
2025-03-03,0.972,0.983,0.966,0.97,1825188725.0,1770.43,1.75,-0.1,-0.001,0.0,159361,A500ETF易方达,2025-09-06 17:14:18,,,,,,,,,,,,,,,,,,,,,,,,
2025-02-28,0.99,0.992,0.97,0.971,2138255672.0,2076.25,2.22,-2.22,-0.022,0.0,159361,A500ETF易方达,2025-09-06 17:14:18,,,,,,,,,,,,,,,,,,,,,,,,
2025-02-27,0.993,0.995,0.983,0.993,2155650691.0,2140.56,1.21,0.0,0.0,0.0,159361,A500ETF易方达,2025-09-06 17:14:18,,,,,,,,,,,,,,,,,,,,,,,,
2025-02-26,0.985,0.994,0.984,0.993,2073662561.0,2059.15,1.02,0.91,0.009,0.0,159361,A500ETF易方达,2025-09-06 17:14:18,,,,,,,,,,,,,,,,,,,,,,,,
2025-02-25,0.987,0.993,0.981,0.984,2172649419.0,2137.89,1.21,-1.01,-0.01,0.0,159361,A500ETF易方达,2025-09-06 17:14:18,,,,,,,,,,,,,,,,,,,,,,,,
2025-02-24,0.997,1.0,0.989,0.994,2738969457.0,2722.54,1.1,-0.4,-0.004,0.0,159361,A500ETF易方达,2025-09-06 17:14:18,,,,,,,,,,,,,,,,,,,,,,,,
2025-02-21,0.982,0.998,0.982,0.998,2556259835.0,2551.15,1.63,1.63,0.016,0.0,159361,A500ETF易方达,2025-09-06 17:14:18,,,,,,,,,,,,,,,,,,,,,,,,
2025-02-20,0.982,0.985,0.978,0.982,2815441953.0,2764.76,0.71,-0.1,-0.001,0.0,159361,A500ETF易方达,2025-09-06 17:14:18,,,,,,,,,,,,,,,,,,,,,,,,
2025-02-19,0.975,0.984,0.973,0.983,2632548130.0,2587.79,1.13,0.72,0.007,0.0,159361,A500ETF易方达,2025-09-06 17:14:18,,,,,,,,,,,,,,,,,,,,,,,,
2025-02-18,0.987,0.989,0.972,0.976,3430501930.0,3348.17,1.72,-1.01,-0.01,0.0,159361,A500ETF易方达,2025-09-06 17:14:18,,,,,,,,,,,,,,,,,,,,,,,,
2025-02-17,0.985,0.989,0.98,0.986,4106429547.0,4048.94,0.91,0.1,0.001,0.0,159361,A500ETF易方达,2025-09-06 17:14:18,,,,,,,,,,,,,,,,,,,,,,,,
2025-02-14,0.975,0.986,0.975,0.985,3190117939.0,3142.27,1.13,0.82,0.008,0.0,159361,A500ETF易方达,2025-09-06 17:14:18,,,,,,,,,,,,,,,,,,,,,,,,
2025-02-13,0.98,0.985,0.975,0.977,2900793369.0,2834.08,1.02,-0.31,-0.003,0.0,159361,A500ETF易方达,2025-09-06 17:14:18,,,,,,,,,,,,,,,,,,,,,,,,
2025-02-12,0.969,0.982,0.966,0.98,3185021212.0,3121.32,1.65,1.03,0.01,0.0,159361,A500ETF易方达,2025-09-06 17:14:18,,,,,,,,,,,,,,,,,,,,,,,,
2025-02-11,0.974,0.975,0.966,0.97,3349963816.0,3249.46,0.92,-0.51,-0.005,0.0,159361,A500ETF易方达,2025-09-06 17:14:18,,,,,,,,,,,,,,,,,,,,,,,,
2025-02-10,0.97,0.976,0.967,0.975,3418941032.0,3333.47,0.93,0.52,0.005,0.0,159361,A500ETF易方达,2025-09-06 17:14:18,,,,,,,,,,,,,,,,,,,,,,,,
2025-02-07,0.956,0.977,0.954,0.97,3371460129.0,3270.32,2.4,1.36,0.013,0.0,159361,A500ETF易方达,2025-09-06 17:14:18,,,,,,,,,,,,,,,,,,,,,,,,
2025-02-06,0.943,0.957,0.94,0.957,3194405251.0,3057.05,1.8,1.48,0.014,0.0,159361,A500ETF易方达,2025-09-06 17:14:18,,,,,,,,,,,,,,,,,,,,,,,,
2025-02-05,0.949,0.949,0.938,0.943,3250500174.0,3065.22,1.17,-0.11,-0.001,0.0,159361,A500ETF易方达,2025-09-06 17:14:18,,,,,,,,,,,,,,,,,,,,,,,,
2025-01-27,0.951,0.954,0.944,0.944,2894885292.0,2732.77,1.05,-0.63,-0.006,0.0,159361,A500ETF易方达,2025-09-06 17:14:18,,,,,,,,,,,,,,,,,,,,,,,,
2025-01-24,0.942,0.953,0.94,0.95,3563947160.0,3385.75,1.38,0.85,0.008,0.0,159361,A500ETF易方达,2025-09-06 17:14:18,,,,,,,,,,,,,,,,,,,,,,,,
2025-01-23,0.945,0.958,0.94,0.942,3446925432.0,3247.0,1.91,0.21,0.002,0.0,159361,A500ETF易方达,2025-09-06 17:14:18,,,,,,,,,,,,,,,,,,,,,,,,
2025-01-22,0.946,0.947,0.935,0.94,3250148697.0,3055.14,1.26,-0.95,-0.009,0.0,159361,A500ETF易方达,2025-09-06 17:14:18,,,,,,,,,,,,,,,,,,,,,,,,
2025-01-21,0.952,0.953,0.943,0.949,3088304032.0,2930.8,1.06,0.21,0.002,0.0,159361,A500ETF易方达,2025-09-06 17:14:18,,,,,,,,,,,,,,,,,,,,,,,,
2025-01-20,0.948,0.955,0.945,0.947,3476138508.0,3291.9,1.06,0.53,0.005,0.0,159361,A500ETF易方达,2025-09-06 17:14:18,,,,,,,,,,,,,,,,,,,,,,,,
2025-01-17,0.935,0.949,0.933,0.942,3273131152.0,3083.29,1.71,0.43,0.004,0.0,159361,A500ETF易方达,2025-09-06 17:14:18,,,,,,,,,,,,,,,,,,,,,,,,
2025-01-16,0.94,0.951,0.932,0.938,3376385815.0,3167.05,2.03,0.11,0.001,0.0,159361,A500ETF易方达,2025-09-06 17:14:18,,,,,,,,,,,,,,,,,,,,,,,,
2025-01-15,0.944,0.944,0.936,0.937,3447807319.0,3230.6,0.85,-0.74,-0.007,0.0,159361,A500ETF易方达,2025-09-06 17:14:18,,,,,,,,,,,,,,,,,,,,,,,,
2025-01-14,0.919,0.946,0.917,0.944,3282334876.0,3098.52,3.16,2.72,0.025,0.0,159361,A500ETF易方达,2025-09-06 17:14:18,,,,,,,,,,,,,,,,,,,,,,,,
2025-01-13,0.914,0.922,0.913,0.919,3109801189.0,2857.91,0.98,-0.11,-0.001,0.0,159361,A500ETF易方达,2025-09-06 17:14:18,,,,,,,,,,,,,,,,,,,,,,,,
2025-01-10,0.929,0.934,0.92,0.92,3257980683.0,2997.34,1.5,-1.18,-0.011,0.0,159361,A500ETF易方达,2025-09-06 17:14:18,,,,,,,,,,,,,,,,,,,,,,,,
2025-01-09,0.93,0.935,0.928,0.931,2920200450.0,2718.71,0.75,-0.11,-0.001,0.0,159361,A500ETF易方达,2025-09-06 17:14:18,,,,,,,,,,,,,,,,,,,,,,,,
2025-01-08,0.933,0.938,0.916,0.932,3241545653.0,3021.12,2.35,-0.32,-0.003,0.0,159361,A500ETF易方达,2025-09-06 17:14:18,,,,,,,,,,,,,,,,,,,,,,,,
2025-01-07,0.927,0.935,0.923,0.935,3151717926.0,2946.86,1.3,0.97,0.009,0.0,159361,A500ETF易方达,2025-09-06 17:14:18,,,,,,,,,,,,,,,,,,,,,,,,
2025-01-06,0.93,0.932,0.921,0.926,3401157893.0,3149.47,1.18,-0.43,-0.004,0.0,159361,A500ETF易方达,2025-09-06 17:14:18,,,,,,,,,,,,,,,,,,,,,,,,
2025-01-03,0.943,0.945,0.927,0.93,3577741575.0,3327.3,1.91,-1.17,-0.011,0.0,159361,A500ETF易方达,2025-09-06 17:14:18,,,,,,,,,,,,,,,,,,,,,,,,
2025-01-02,0.969,0.971,0.934,0.941,3283857610.0,3090.11,3.81,-2.99,-0.029,0.0,159361,A500ETF易方达,2025-09-06 17:14:18,,,,,,,,,,,,,,,,,,,,,,,,
2024-12-31,0.988,0.989,0.97,0.97,3302072863.0,3203.01,1.92,-1.92,-0.019,0.0,159361,A500ETF易方达,2025-09-06 17:14:18,,,,,,,,,,,,,,,,,,,,,,,,
2024-12-30,0.985,0.99,0.984,0.989,3316072930.0,3279.6,0.61,0.41,0.004,0.0,159361,A500ETF易方达,2025-09-06 17:14:18,,,,,,,,,,,,,,,,,,,,,,,,
2024-12-27,0.985,0.993,0.982,0.985,3461549673.0,3409.63,1.12,0.0,0.0,0.0,159361,A500ETF易方达,2025-09-06 17:14:18,,,,,,,,,,,,,,,,,,,,,,,,
2024-12-26,0.982,0.987,0.98,0.985,3053060532.0,3007.26,0.71,0.1,0.001,0.0,159361,A500ETF易方达,2025-09-06 17:14:18,,,,,,,,,,,,,,,,,,,,,,,,
2024-12-25,0.985,0.988,0.978,0.984,3381906030.0,3327.8,1.02,-0.1,-0.001,0.0,159361,A500ETF易方达,2025-09-06 17:14:18,,,,,,,,,,,,,,,,,,,,,,,,
2024-12-24,0.975,0.986,0.974,0.985,3125996482.0,3079.11,1.23,1.13,0.011,0.0,159361,A500ETF易方达,2025-09-06 17:14:18,,,,,,,,,,,,,,,,,,,,,,,,
2024-12-23,0.976,0.983,0.972,0.974,3071648651.0,2991.79,1.13,-0.2,-0.002,0.0,159361,A500ETF易方达,2025-09-06 17:14:18,,,,,,,,,,,,,,,,,,,,,,,,
2024-12-20,0.978,0.984,0.974,0.976,3098474064.0,3024.11,1.02,-0.2,-0.002,0.0,159361,A500ETF易方达,2025-09-06 17:14:18,,,,,,,,,,,,,,,,,,,,,,,,
2024-12-19,0.97,0.981,0.965,0.978,3139851469.0,3070.77,1.64,0.2,0.002,0.0,159361,A500ETF易方达,2025-09-06 17:14:18,,,,,,,,,,,,,,,,,,,,,,,,
2024-12-18,0.972,0.98,0.972,0.976,2784859252.0,2718.02,0.82,0.51,0.005,0.0,159361,A500ETF易方达,2025-09-06 17:14:18,,,,,,,,,,,,,,,,,,,,,,,,
2024-12-17,0.97,0.98,0.969,0.971,3105028473.0,3014.98,1.13,-0.1,-0.001,0.0,159361,A500ETF易方达,2025-09-06 17:14:18,,,,,,,,,,,,,,,,,,,,,,,,
2024-12-16,0.978,0.979,0.968,0.972,2917864631.0,2836.16,1.12,-0.61,-0.006,0.0,159361,A500ETF易方达,2025-09-06 17:14:18,,,,,,,,,,,,,,,,,,,,,,,,
2024-12-13,0.996,0.996,0.976,0.978,3500525749.0,3423.51,2.0,-2.3,-0.023,0.0,159361,A500ETF易方达,2025-09-06 17:14:18,,,,,,,,,,,,,,,,,,,,,,,,
2024-12-12,0.991,1.002,0.989,1.001,3746750776.0,3750.5,1.31,0.91,0.009,0.0,159361,A500ETF易方达,2025-09-06 17:14:18,,,,,,,,,,,,,,,,,,,,,,,,
2024-12-11,0.992,0.995,0.988,0.992,2901083942.0,2877.88,0.71,0.0,0.0,0.0,159361,A500ETF易方达,2025-09-06 17:14:18,,,,,,,,,,,,,,,,,,,,,,,,
2024-12-10,1.008,1.021,0.989,0.992,3216161492.0,3190.43,3.25,0.71,0.007,0.0,159361,A500ETF易方达,2025-09-06 17:14:18,,,,,,,,,,,,,,,,,,,,,,,,
2024-12-09,0.987,0.992,0.978,0.985,2358465648.0,2323.09,1.42,-0.2,-0.002,0.0,159361,A500ETF易方达,2025-09-06 17:14:18,,,,,,,,,,,,,,,,,,,,,,,,
2024-12-06,0.974,0.993,0.973,0.987,2553306997.0,2520.11,2.05,1.33,0.013,0.0,159361,A500ETF易方达,2025-09-06 17:14:18,,,,,,,,,,,,,,,,,,,,,,,,
2024-12-05,0.974,0.978,0.969,0.974,2263790004.0,2204.93,0.92,0.0,0.0,0.0,159361,A500ETF易方达,2025-09-06 17:14:18,,,,,,,,,,,,,,,,,,,,,,,,
2024-12-04,0.98,0.983,0.972,0.974,2261708188.0,2202.9,1.12,-0.71,-0.007,0.0,159361,A500ETF易方达,2025-09-06 17:14:18,,,,,,,,,,,,,,,,,,,,,,,,
2024-12-03,0.98,0.985,0.974,0.981,2383475394.0,2338.19,1.12,0.0,0.0,0.0,159361,A500ETF易方达,2025-09-06 17:14:18,,,,,,,,,,,,,,,,,,,,,,,,
2024-12-02,0.971,0.984,0.969,0.981,2482837177.0,2435.66,1.54,1.03,0.01,0.0,159361,A500ETF易方达,2025-09-06 17:14:18,,,,,,,,,,,,,,,,,,,,,,,,
2024-11-29,0.958,0.981,0.958,0.971,2426244543.0,2355.88,2.4,1.36,0.013,0.0,159361,A500ETF易方达,2025-09-06 17:14:18,,,,,,,,,,,,,,,,,,,,,,,,
2024-11-28,0.969,0.969,0.958,0.958,2247375220.0,2152.99,1.14,-1.03,-0.01,0.0,159361,A500ETF易方达,2025-09-06 17:14:18,,,,,,,,,,,,,,,,,,,,,,,,
2024-11-27,0.95,0.969,0.944,0.968,2091567540.0,2024.64,2.63,1.89,0.018,0.0,159361,A500ETF易方达,2025-09-06 17:14:18,,,,,,,,,,,,,,,,,,,,,,,,
2024-11-26,0.951,0.961,0.95,0.95,2167877029.0,2059.48,1.15,-0.52,-0.005,0.0,159361,A500ETF易方达,2025-09-06 17:14:18,,,,,,,,,,,,,,,,,,,,,,,,
2024-11-25,0.961,0.966,0.945,0.955,2130105754.0,2034.25,2.18,-0.83,-0.008,0.0,159361,A500ETF易方达,2025-09-06 17:14:18,,,,,,,,,,,,,,,,,,,,,,,,
2024-11-22,0.99,0.992,0.96,0.963,2537715346.0,2443.82,3.23,-2.92,-0.029,0.0,159361,A500ETF易方达,2025-09-06 17:14:18,,,,,,,,,,,,,,,,,,,,,,,,
2024-11-21,0.988,0.995,0.986,0.992,2018705633.0,2002.56,0.91,0.1,0.001,0.0,159361,A500ETF易方达,2025-09-06 17:14:18,,,,,,,,,,,,,,,,,,,,,,,,
2024-11-20,0.987,0.996,0.982,0.991,2784641970.0,2759.58,1.42,0.41,0.004,0.0,159361,A500ETF易方达,2025-09-06 17:14:18,,,,,,,,,,,,,,,,,,,,,,,,
2024-11-19,0.977,0.987,0.965,0.987,1570595329.0,1550.18,0.0,0.0,0.0,0.0,159361,A500ETF易方达,2025-09-06 17:14:18,,,,,,,,,,,,,,,,,,,,,,,,
