日期,开盘,最高,最低,收盘,成交量,成交额,振幅,涨跌幅,涨跌额,换手率,ETF代码,ETF名称,爬取时间,折溢价率,IOPV,前收盘,量比,委比,外盘,内盘,主力净流入-净额,主力净流入-净占比,超大单净流入-净额,超大单净流入-净占比,大单净流入-净额,大单净流入-净占比,中单净流入-净额,中单净流入-净占比,小单净流入-净额,小单净流入-净占比,现手,买一,卖一,最新份额,流通市值,总市值,更新时间
2025-09-22,1.147,1.152,1.141,1.152,3258497930.0,37537896.15,0.96,0.44,0.005,,159338,中证A500ETF,2025-09-22 21:52:51,,,,,,,,,,,,,,,,,,,,,,,,
2025-09-19,1.142,1.155,1.142,1.147,3236217195.0,37119411.23,1.14,0.26,0.003,,159338,中证A500ETF,2025-09-19 18:14:22,,,,,,,,,,,,,,,,,,,,,,,,
2025-09-18,1.16,1.167,1.134,1.144,4293795083.0,49121015.75,2.85,-1.21,-0.014,,159338,中证A500ETF,2025-09-19 18:14:22,,,,,,,,,,,,,,,,,,,,,,,,
2025-09-17,1.149,1.16,1.143,1.158,3081460140.0,35683308.42,1.48,0.78,0.009,,159338,中证A500ETF,2025-09-19 18:14:22,,,,,,,,,,,,,,,,,,,,,,,,
2025-09-16,1.149,1.155,1.138,1.15,2825027187.0,32487812.65,1.48,0.09,0.001,,159338,中证A500ETF,2025-09-18 22:22:51,,,,,,,,,,,,,,,,,,,,,,,,
2025-09-12,1.153,1.155,1.143,1.143,265963.41,3057459016.771,1.04,-0.78,-0.009,15.32,159338,中证A500ETF,2025-09-12 22:21:36,0.17,1.1449,1.152,1.01,25.0,12580747.0,14015594.0,-18817637.0,-0.62,-25278368.0,-0.83,6460731.0,0.21,14544579.0,0.48,4273053.0,0.14,-40734.0,1.143,1.144,17357086720.0,19839150121.0,19839150121.0,2025-09-12 15:34:09+08:00
2025-09-11,1.119,1.152,1.116,1.152,2637365917.0,30382455.36,0.0,0.0,0.0,0.0,159338,中证A500ETF,2025-09-11 22:22:15,0.0,,,,,,,,,,,,,,,,,,,,,,,
2025-09-10,1.118,1.128,1.112,1.121,2529021410.0,28350330.01,0.0,0.0,0.0,0.0,159338,中证A500ETF,2025-09-10 22:21:27,0.0,,,,,,,,,,,,,,,,,,,,,,,
2025-09-09,1.127,1.131,1.114,1.119,2850326758.0,31895156.42,0.0,0.0,0.0,0.0,159338,中证A500ETF,2025-09-09 18:57:38,,,,,,,,,,,,,,,,,,,,,,,,
2025-09-08,1.126,1.131,1.118,1.129,2372676447.0,26787517.09,0.0,0.0,0.0,0.0,159338,中证A500ETF,2025-09-08 18:27:51,,,,,,,,,,,,,,,,,,,,,,,,
2025-09-05,1.093,1.126,1.092,1.124,2817752510.0,3167.15,3.1,2.55,0.028,0.0,159338,中证A500ETF,2025-09-06 17:14:18,,,,,,,,,,,,,,,,,,,,,,,,
2025-09-04,1.119,1.125,1.083,1.096,3084375379.0,3380.48,3.75,-2.14,-0.024,0.0,159338,中证A500ETF,2025-09-06 17:14:18,,,,,,,,,,,,,,,,,,,,,,,,
2025-09-03,1.132,1.136,1.112,1.12,2738861401.0,3067.52,2.12,-0.88,-0.01,0.0,159338,中证A500ETF,2025-09-06 17:14:18,,,,,,,,,,,,,,,,,,,,,,,,
2025-09-02,1.141,1.147,1.12,1.13,3090917716.0,3492.74,2.36,-1.05,-0.012,0.0,159338,中证A500ETF,2025-09-06 17:14:18,,,,,,,,,,,,,,,,,,,,,,,,
2025-09-01,1.136,1.143,1.13,1.142,2657265187.0,3034.6,1.15,0.71,0.008,0.0,159338,中证A500ETF,2025-09-06 17:14:18,,,,,,,,,,,,,,,,,,,,,,,,
2025-08-29,1.122,1.138,1.119,1.134,2531774036.0,2871.03,1.69,0.98,0.011,0.0,159338,中证A500ETF,2025-09-06 17:14:18,,,,,,,,,,,,,,,,,,,,,,,,
2025-08-28,1.098,1.123,1.095,1.123,3091340442.0,3471.58,2.55,2.09,0.023,0.0,159338,中证A500ETF,2025-09-06 17:14:18,,,,,,,,,,,,,,,,,,,,,,,,
2025-08-27,1.118,1.131,1.1,1.1,3113825373.0,3425.21,2.77,-1.61,-0.018,0.0,159338,中证A500ETF,2025-09-06 17:14:18,,,,,,,,,,,,,,,,,,,,,,,,
2025-08-26,1.12,1.124,1.111,1.118,2926130924.0,3271.41,1.16,-0.36,-0.004,0.0,159338,中证A500ETF,2025-09-06 17:14:18,,,,,,,,,,,,,,,,,,,,,,,,
2025-08-25,1.109,1.122,1.102,1.122,2925397439.0,3282.3,1.82,2.09,0.023,0.0,159338,中证A500ETF,2025-09-06 17:14:18,,,,,,,,,,,,,,,,,,,,,,,,
2025-08-22,1.072,1.099,1.071,1.099,2881800631.0,3167.1,2.61,2.42,0.026,0.0,159338,中证A500ETF,2025-09-06 17:14:18,,,,,,,,,,,,,,,,,,,,,,,,
2025-08-21,1.071,1.078,1.068,1.073,2996074609.0,3214.79,0.93,0.28,0.003,0.0,159338,中证A500ETF,2025-09-06 17:14:18,,,,,,,,,,,,,,,,,,,,,,,,
2025-08-20,1.054,1.071,1.045,1.07,2960431368.0,3167.66,2.46,1.33,0.014,0.0,159338,中证A500ETF,2025-09-06 17:14:18,,,,,,,,,,,,,,,,,,,,,,,,
2025-08-19,1.063,1.067,1.054,1.056,2852045182.0,3011.76,1.22,-0.66,-0.007,0.0,159338,中证A500ETF,2025-09-06 17:14:18,,,,,,,,,,,,,,,,,,,,,,,,
2025-08-18,1.054,1.07,1.049,1.063,3331734433.0,3541.63,2.0,1.05,0.011,0.0,159338,中证A500ETF,2025-09-06 17:14:18,,,,,,,,,,,,,,,,,,,,,,,,
2025-08-15,1.036,1.053,1.036,1.052,2965348608.0,3119.55,1.64,1.25,0.013,0.0,159338,中证A500ETF,2025-09-06 17:14:18,,,,,,,,,,,,,,,,,,,,,,,,
2025-08-14,1.044,1.052,1.037,1.039,3130980341.0,3253.09,1.44,-0.48,-0.005,0.0,159338,中证A500ETF,2025-09-06 17:14:18,,,,,,,,,,,,,,,,,,,,,,,,
2025-08-13,1.034,1.045,1.034,1.044,2897940698.0,3025.45,1.07,1.16,0.012,0.0,159338,中证A500ETF,2025-09-06 17:14:18,,,,,,,,,,,,,,,,,,,,,,,,
2025-08-12,1.03,1.036,1.027,1.032,3032254254.0,3129.29,0.88,0.39,0.004,0.0,159338,中证A500ETF,2025-09-06 17:14:18,,,,,,,,,,,,,,,,,,,,,,,,
2025-08-11,1.022,1.032,1.022,1.028,2498764039.0,2568.73,0.98,0.49,0.005,0.0,159338,中证A500ETF,2025-09-06 17:14:18,,,,,,,,,,,,,,,,,,,,,,,,
2025-08-08,1.022,1.026,1.019,1.023,2670599255.0,2732.02,0.68,0.0,0.0,0.0,159338,中证A500ETF,2025-09-06 17:14:18,,,,,,,,,,,,,,,,,,,,,,,,
2025-08-07,1.025,1.028,1.017,1.023,2802140398.0,2866.59,1.07,-0.1,-0.001,0.0,159338,中证A500ETF,2025-09-06 17:14:18,,,,,,,,,,,,,,,,,,,,,,,,
2025-08-06,1.019,1.026,1.018,1.024,2746235455.0,2812.15,0.78,0.29,0.003,0.0,159338,中证A500ETF,2025-09-06 17:14:18,,,,,,,,,,,,,,,,,,,,,,,,
2025-08-05,1.015,1.021,1.014,1.021,2698328813.0,2754.99,0.69,0.79,0.008,0.0,159338,中证A500ETF,2025-09-06 17:14:18,,,,,,,,,,,,,,,,,,,,,,,,
2025-08-04,1.007,1.014,1.005,1.013,2747249683.0,2782.96,0.89,0.4,0.004,0.0,159338,中证A500ETF,2025-09-06 17:14:18,,,,,,,,,,,,,,,,,,,,,,,,
2025-08-01,1.01,1.017,1.004,1.009,2586481407.0,2609.76,1.28,-0.59,-0.006,0.0,159338,中证A500ETF,2025-09-06 17:14:18,,,,,,,,,,,,,,,,,,,,,,,,
2025-07-31,1.028,1.029,1.01,1.015,3013919668.0,3059.13,1.84,-1.55,-0.016,0.0,159338,中证A500ETF,2025-09-06 17:14:18,,,,,,,,,,,,,,,,,,,,,,,,
2025-07-30,1.033,1.041,1.025,1.031,2834841708.0,2922.72,1.55,-0.29,-0.003,0.0,159338,中证A500ETF,2025-09-06 17:14:18,,,,,,,,,,,,,,,,,,,,,,,,
2025-07-29,1.027,1.034,1.023,1.034,2628145732.0,2717.5,1.07,0.49,0.005,0.0,159338,中证A500ETF,2025-09-06 17:14:18,,,,,,,,,,,,,,,,,,,,,,,,
2025-07-28,1.025,1.03,1.021,1.029,2700740608.0,2779.06,0.88,0.39,0.004,0.0,159338,中证A500ETF,2025-09-06 17:14:18,,,,,,,,,,,,,,,,,,,,,,,,
2025-07-25,1.028,1.029,1.022,1.025,2529361142.0,2592.6,0.68,-0.49,-0.005,0.0,159338,中证A500ETF,2025-09-06 17:14:18,,,,,,,,,,,,,,,,,,,,,,,,
2025-07-24,1.017,1.03,1.017,1.03,2228246270.0,2295.09,1.28,1.18,0.012,0.0,159338,中证A500ETF,2025-09-06 17:14:18,,,,,,,,,,,,,,,,,,,,,,,,
2025-07-23,1.02,1.029,1.017,1.018,2390663468.0,2433.7,1.18,-0.2,-0.002,0.0,159338,中证A500ETF,2025-09-06 17:14:18,,,,,,,,,,,,,,,,,,,,,,,,
2025-07-22,1.012,1.021,1.007,1.02,2521951826.0,2572.39,1.39,0.99,0.01,0.0,159338,中证A500ETF,2025-09-06 17:14:18,,,,,,,,,,,,,,,,,,,,,,,,
2025-07-21,1.005,1.012,1.004,1.01,2251989497.0,2274.51,0.8,0.6,0.006,0.0,159338,中证A500ETF,2025-09-06 17:14:18,,,,,,,,,,,,,,,,,,,,,,,,
2025-07-18,0.999,1.006,0.998,1.004,2410596265.0,2420.24,0.8,0.7,0.007,0.0,159338,中证A500ETF,2025-09-06 17:14:18,,,,,,,,,,,,,,,,,,,,,,,,
2025-07-17,0.988,0.999,0.987,0.997,2268316822.0,2261.51,1.21,0.81,0.008,0.0,159338,中证A500ETF,2025-09-06 17:14:18,,,,,,,,,,,,,,,,,,,,,,,,
2025-07-16,0.989,0.994,0.985,0.989,2203807280.0,2179.57,0.91,0.0,0.0,0.0,159338,中证A500ETF,2025-09-06 17:14:18,,,,,,,,,,,,,,,,,,,,,,,,
2025-07-15,0.988,0.995,0.982,0.989,2016210206.0,1994.03,1.32,0.1,0.001,0.0,159338,中证A500ETF,2025-09-06 17:14:18,,,,,,,,,,,,,,,,,,,,,,,,
2025-07-14,0.988,0.992,0.988,0.988,1943858395.0,1920.53,0.4,-0.1,-0.001,0.0,159338,中证A500ETF,2025-09-06 17:14:18,,,,,,,,,,,,,,,,,,,,,,,,
2025-07-11,0.983,0.998,0.983,0.989,2623852338.0,2594.99,1.52,0.51,0.005,0.0,159338,中证A500ETF,2025-09-06 17:14:18,,,,,,,,,,,,,,,,,,,,,,,,
2025-07-10,0.979,0.99,0.979,0.984,2285788492.0,2249.22,1.12,0.51,0.005,0.0,159338,中证A500ETF,2025-09-06 17:14:18,,,,,,,,,,,,,,,,,,,,,,,,
2025-07-09,0.982,0.986,0.978,0.979,2085275082.0,2041.48,0.81,-0.31,-0.003,0.0,159338,中证A500ETF,2025-09-06 17:14:18,,,,,,,,,,,,,,,,,,,,,,,,
2025-07-08,0.971,0.984,0.971,0.982,2257285393.0,2216.65,1.34,1.13,0.011,0.0,159338,中证A500ETF,2025-09-06 17:14:18,,,,,,,,,,,,,,,,,,,,,,,,
2025-07-07,0.974,0.976,0.97,0.971,1482938625.0,1439.93,0.62,-0.41,-0.004,0.0,159338,中证A500ETF,2025-09-06 17:14:18,,,,,,,,,,,,,,,,,,,,,,,,
2025-07-04,0.973,0.985,0.971,0.975,2332360473.0,2274.05,1.44,0.1,0.001,0.0,159338,中证A500ETF,2025-09-06 17:14:18,,,,,,,,,,,,,,,,,,,,,,,,
2025-07-03,0.969,0.976,0.968,0.974,1690772094.0,1646.81,0.83,0.52,0.005,0.0,159338,中证A500ETF,2025-09-06 17:14:18,,,,,,,,,,,,,,,,,,,,,,,,
2025-07-02,0.968,0.971,0.965,0.969,1813060336.0,1756.86,0.62,0.0,0.0,0.0,159338,中证A500ETF,2025-09-06 17:14:18,,,,,,,,,,,,,,,,,,,,,,,,
2025-07-01,0.969,0.971,0.965,0.969,1967235778.0,1906.25,0.62,0.0,0.0,0.0,159338,中证A500ETF,2025-09-06 17:14:18,,,,,,,,,,,,,,,,,,,,,,,,
2025-06-30,0.962,0.971,0.962,0.969,2200554287.0,2132.34,0.94,0.83,0.008,0.0,159338,中证A500ETF,2025-09-06 17:14:18,,,,,,,,,,,,,,,,,,,,,,,,
2025-06-27,0.965,0.972,0.961,0.961,2399857671.0,2306.26,1.14,-0.41,-0.004,0.0,159338,中证A500ETF,2025-09-06 17:14:18,,,,,,,,,,,,,,,,,,,,,,,,
2025-06-26,0.965,0.97,0.964,0.965,2445480769.0,2359.89,0.62,-0.21,-0.002,0.0,159338,中证A500ETF,2025-09-06 17:14:18,,,,,,,,,,,,,,,,,,,,,,,,
2025-06-25,0.954,0.968,0.953,0.967,2578293651.0,2493.21,1.57,1.36,0.013,0.0,159338,中证A500ETF,2025-09-06 17:14:18,,,,,,,,,,,,,,,,,,,,,,,,
2025-06-24,0.942,0.956,0.942,0.954,2279104852.0,2174.27,1.49,1.27,0.012,0.0,159338,中证A500ETF,2025-09-06 17:14:18,,,,,,,,,,,,,,,,,,,,,,,,
2025-06-23,0.935,0.945,0.934,0.942,1934079182.0,1821.9,1.17,0.32,0.003,0.0,159338,中证A500ETF,2025-09-06 17:14:18,,,,,,,,,,,,,,,,,,,,,,,,
2025-06-20,0.939,0.943,0.937,0.939,1690605258.0,1587.48,0.64,0.0,0.0,0.0,159338,中证A500ETF,2025-09-06 17:14:18,,,,,,,,,,,,,,,,,,,,,,,,
2025-06-19,0.946,0.946,0.936,0.939,2197109953.0,2063.09,1.06,-0.84,-0.008,0.0,159338,中证A500ETF,2025-09-06 17:14:18,,,,,,,,,,,,,,,,,,,,,,,,
2025-06-18,0.946,0.949,0.942,0.947,2025739467.0,1918.38,0.74,0.0,0.0,0.0,159338,中证A500ETF,2025-09-06 17:14:18,,,,,,,,,,,,,,,,,,,,,,,,
2025-06-17,0.948,0.949,0.944,0.947,2108191729.0,1996.46,0.53,-0.11,-0.001,0.0,159338,中证A500ETF,2025-09-06 17:14:18,,,,,,,,,,,,,,,,,,,,,,,,
2025-06-16,0.943,0.949,0.942,0.948,1992773023.0,1889.15,0.74,0.42,0.004,0.0,159338,中证A500ETF,2025-09-06 17:14:18,,,,,,,,,,,,,,,,,,,,,,,,
2025-06-13,0.948,0.95,0.941,0.944,2232896584.0,2107.85,0.95,-0.74,-0.007,0.0,159338,中证A500ETF,2025-09-06 17:14:18,,,,,,,,,,,,,,,,,,,,,,,,
2025-06-12,0.949,0.953,0.945,0.951,2394488347.0,2277.16,0.84,0.0,0.0,0.0,159338,中证A500ETF,2025-09-06 17:14:18,,,,,,,,,,,,,,,,,,,,,,,,
2025-06-11,0.944,0.955,0.944,0.951,2477014165.0,2355.64,1.17,0.85,0.008,0.0,159338,中证A500ETF,2025-09-06 17:14:18,,,,,,,,,,,,,,,,,,,,,,,,
2025-06-10,0.949,0.951,0.939,0.943,2397179382.0,2260.54,1.26,-0.63,-0.006,0.0,159338,中证A500ETF,2025-09-06 17:14:18,,,,,,,,,,,,,,,,,,,,,,,,
2025-06-09,0.946,0.952,0.945,0.949,1891242183.0,1794.79,0.74,0.32,0.003,0.0,159338,中证A500ETF,2025-09-06 17:14:18,,,,,,,,,,,,,,,,,,,,,,,,
2025-06-06,0.945,0.949,0.943,0.946,2172754974.0,2055.43,0.63,0.11,0.001,0.0,159338,中证A500ETF,2025-09-06 17:14:18,,,,,,,,,,,,,,,,,,,,,,,,
2025-06-05,0.943,0.947,0.94,0.945,2345219084.0,2216.23,0.74,0.32,0.003,0.0,159338,中证A500ETF,2025-09-06 17:14:18,,,,,,,,,,,,,,,,,,,,,,,,
2025-06-04,0.938,0.944,0.938,0.942,2191386196.0,2064.29,0.64,0.43,0.004,0.0,159338,中证A500ETF,2025-09-06 17:14:18,,,,,,,,,,,,,,,,,,,,,,,,
2025-06-03,0.935,0.941,0.933,0.938,2235017065.0,2096.45,0.85,0.11,0.001,0.0,159338,中证A500ETF,2025-09-06 17:14:18,,,,,,,,,,,,,,,,,,,,,,,,
2025-05-30,0.941,0.941,0.933,0.937,2355380698.0,2206.99,0.85,-0.64,-0.006,0.0,159338,中证A500ETF,2025-09-06 17:14:18,,,,,,,,,,,,,,,,,,,,,,,,
2025-05-29,0.936,0.945,0.933,0.943,2273335827.0,2143.76,1.28,0.86,0.008,0.0,159338,中证A500ETF,2025-09-06 17:14:18,,,,,,,,,,,,,,,,,,,,,,,,
2025-05-28,0.938,0.939,0.933,0.935,2188789290.0,2046.52,0.64,-0.21,-0.002,0.0,159338,中证A500ETF,2025-09-06 17:14:18,,,,,,,,,,,,,,,,,,,,,,,,
2025-05-27,0.941,0.942,0.934,0.937,2370116309.0,2220.8,0.85,-0.53,-0.005,0.0,159338,中证A500ETF,2025-09-06 17:14:18,,,,,,,,,,,,,,,,,,,,,,,,
2025-05-26,0.945,0.948,0.939,0.942,2172264664.0,2046.27,0.95,-0.32,-0.003,0.0,159338,中证A500ETF,2025-09-06 17:14:18,,,,,,,,,,,,,,,,,,,,,,,,
2025-05-23,0.952,0.958,0.945,0.945,2594579476.0,2451.88,1.36,-0.84,-0.008,0.0,159338,中证A500ETF,2025-09-06 17:14:18,,,,,,,,,,,,,,,,,,,,,,,,
2025-05-22,0.955,0.956,0.951,0.953,2155648146.0,2054.33,0.52,-0.31,-0.003,0.0,159338,中证A500ETF,2025-09-06 17:14:18,,,,,,,,,,,,,,,,,,,,,,,,
2025-05-21,0.951,0.958,0.95,0.956,2128858912.0,2035.19,0.84,0.42,0.004,0.0,159338,中证A500ETF,2025-09-06 17:14:18,,,,,,,,,,,,,,,,,,,,,,,,
2025-05-20,0.946,0.954,0.944,0.952,2221469535.0,2114.84,1.06,0.63,0.006,0.0,159338,中证A500ETF,2025-09-06 17:14:18,,,,,,,,,,,,,,,,,,,,,,,,
2025-05-19,0.946,0.947,0.94,0.946,1982607207.0,1875.55,0.74,-0.11,-0.001,0.0,159338,中证A500ETF,2025-09-06 17:14:18,,,,,,,,,,,,,,,,,,,,,,,,
2025-05-16,0.948,0.951,0.944,0.947,2311788438.0,2189.26,0.74,-0.32,-0.003,0.0,159338,中证A500ETF,2025-09-06 17:14:18,,,,,,,,,,,,,,,,,,,,,,,,
2025-05-15,0.957,0.959,0.949,0.95,2213075114.0,2102.42,1.04,-0.94,-0.009,0.0,159338,中证A500ETF,2025-09-06 17:14:18,,,,,,,,,,,,,,,,,,,,,,,,
2025-05-14,0.95,0.965,0.949,0.959,3184148570.0,3053.6,1.68,0.84,0.008,0.0,159338,中证A500ETF,2025-09-06 17:14:18,,,,,,,,,,,,,,,,,,,,,,,,
2025-05-13,0.957,0.957,0.949,0.951,2755664109.0,2620.64,0.84,0.0,0.0,0.0,159338,中证A500ETF,2025-09-06 17:14:18,,,,,,,,,,,,,,,,,,,,,,,,
2025-05-12,0.943,0.951,0.943,0.951,2694297140.0,2562.28,0.85,1.28,0.012,0.0,159338,中证A500ETF,2025-09-06 17:14:18,,,,,,,,,,,,,,,,,,,,,,,,
2025-05-09,0.942,0.942,0.936,0.939,2603352244.0,2444.55,0.64,-0.32,-0.003,0.0,159338,中证A500ETF,2025-09-06 17:14:18,,,,,,,,,,,,,,,,,,,,,,,,
2025-05-08,0.935,0.946,0.934,0.942,2551237777.0,2403.27,1.28,0.53,0.005,0.0,159338,中证A500ETF,2025-09-06 17:14:18,,,,,,,,,,,,,,,,,,,,,,,,
2025-05-07,0.943,0.947,0.932,0.937,2783907561.0,2608.52,1.61,0.54,0.005,0.0,159338,中证A500ETF,2025-09-06 17:14:18,,,,,,,,,,,,,,,,,,,,,,,,
2025-05-06,0.925,0.932,0.924,0.932,2312919087.0,2155.64,0.87,1.41,0.013,0.0,159338,中证A500ETF,2025-09-06 17:14:18,,,,,,,,,,,,,,,,,,,,,,,,
2025-04-30,0.92,0.924,0.918,0.919,2355258262.0,2164.48,0.65,0.0,0.0,0.0,159338,中证A500ETF,2025-09-06 17:14:18,,,,,,,,,,,,,,,,,,,,,,,,
2025-04-29,0.919,0.922,0.916,0.919,2496714336.0,2294.48,0.65,0.0,0.0,0.0,159338,中证A500ETF,2025-09-06 17:14:18,,,,,,,,,,,,,,,,,,,,,,,,
2025-04-28,0.92,0.922,0.916,0.919,2204402538.0,2025.85,0.65,-0.33,-0.003,0.0,159338,中证A500ETF,2025-09-06 17:14:18,,,,,,,,,,,,,,,,,,,,,,,,
2025-04-25,0.921,0.926,0.919,0.922,2245681329.0,2070.52,0.76,0.22,0.002,0.0,159338,中证A500ETF,2025-09-06 17:14:18,,,,,,,,,,,,,,,,,,,,,,,,
2025-04-24,0.923,0.927,0.917,0.92,2373197544.0,2183.34,1.08,-0.33,-0.003,0.0,159338,中证A500ETF,2025-09-06 17:14:18,,,,,,,,,,,,,,,,,,,,,,,,
2025-04-23,0.923,0.927,0.919,0.923,2324966639.0,2145.94,0.87,0.33,0.003,0.0,159338,中证A500ETF,2025-09-06 17:14:18,,,,,,,,,,,,,,,,,,,,,,,,
2025-04-22,0.919,0.924,0.918,0.92,2540512345.0,2337.27,0.65,0.0,0.0,0.0,159338,中证A500ETF,2025-09-06 17:14:18,,,,,,,,,,,,,,,,,,,,,,,,
2025-04-21,0.915,0.922,0.912,0.92,2010939067.0,1850.06,1.09,0.44,0.004,0.0,159338,中证A500ETF,2025-09-06 17:14:18,,,,,,,,,,,,,,,,,,,,,,,,
2025-04-18,0.911,0.916,0.909,0.916,2525281154.0,2313.16,0.77,0.33,0.003,0.0,159338,中证A500ETF,2025-09-06 17:14:18,,,,,,,,,,,,,,,,,,,,,,,,
2025-04-17,0.909,0.918,0.909,0.913,2649610741.0,2419.09,0.99,0.0,0.0,0.0,159338,中证A500ETF,2025-09-06 17:14:18,,,,,,,,,,,,,,,,,,,,,,,,
2025-04-16,0.911,0.915,0.903,0.913,2839027636.0,2592.03,1.31,0.0,0.0,0.0,159338,中证A500ETF,2025-09-06 17:14:18,,,,,,,,,,,,,,,,,,,,,,,,
2025-04-15,0.914,0.915,0.908,0.913,2954552835.0,2697.51,0.77,-0.11,-0.001,0.0,159338,中证A500ETF,2025-09-06 17:14:18,,,,,,,,,,,,,,,,,,,,,,,,
2025-04-14,0.917,0.92,0.913,0.914,2680850339.0,2450.3,0.77,0.22,0.002,0.0,159338,中证A500ETF,2025-09-06 17:14:18,,,,,,,,,,,,,,,,,,,,,,,,
2025-04-11,0.9,0.916,0.9,0.912,2734538745.0,2493.9,1.77,0.77,0.007,0.0,159338,中证A500ETF,2025-09-06 17:14:18,,,,,,,,,,,,,,,,,,,,,,,,
2025-04-10,0.905,0.914,0.9,0.905,3290056099.0,2977.5,1.58,1.91,0.017,0.0,159338,中证A500ETF,2025-09-06 17:14:18,,,,,,,,,,,,,,,,,,,,,,,,
2025-04-09,0.87,0.895,0.862,0.888,3440763439.0,3055.4,3.73,0.34,0.003,0.0,159338,中证A500ETF,2025-09-06 17:14:18,,,,,,,,,,,,,,,,,,,,,,,,
2025-04-08,0.87,0.885,0.867,0.885,2639309345.0,2335.79,2.08,2.08,0.018,0.0,159338,中证A500ETF,2025-09-06 17:14:18,,,,,,,,,,,,,,,,,,,,,,,,
2025-04-07,0.902,0.91,0.851,0.867,4056825718.0,3517.27,6.25,-8.16,-0.077,0.0,159338,中证A500ETF,2025-09-06 17:14:18,,,,,,,,,,,,,,,,,,,,,,,,
2025-04-03,0.943,0.951,0.94,0.944,3086126058.0,2913.3,1.16,-0.74,-0.007,0.0,159338,中证A500ETF,2025-09-06 17:14:18,,,,,,,,,,,,,,,,,,,,,,,,
2025-04-02,0.952,0.956,0.949,0.951,2643382287.0,2513.86,0.74,-0.11,-0.001,0.0,159338,中证A500ETF,2025-09-06 17:14:18,,,,,,,,,,,,,,,,,,,,,,,,
2025-04-01,0.953,0.957,0.95,0.952,2704252388.0,2574.45,0.74,0.11,0.001,0.0,159338,中证A500ETF,2025-09-06 17:14:18,,,,,,,,,,,,,,,,,,,,,,,,
2025-03-31,0.956,0.961,0.946,0.951,3185985345.0,3029.87,1.56,-0.83,-0.008,0.0,159338,中证A500ETF,2025-09-06 17:14:18,,,,,,,,,,,,,,,,,,,,,,,,
2025-03-28,0.963,0.965,0.957,0.959,3091760991.0,2965.0,0.83,-0.42,-0.004,0.0,159338,中证A500ETF,2025-09-06 17:14:18,,,,,,,,,,,,,,,,,,,,,,,,
2025-03-27,0.961,0.97,0.955,0.963,2848297996.0,2742.91,1.56,0.21,0.002,0.0,159338,中证A500ETF,2025-09-06 17:14:18,,,,,,,,,,,,,,,,,,,,,,,,
2025-03-26,0.964,0.968,0.96,0.961,2573702478.0,2473.33,0.83,-0.31,-0.003,0.0,159338,中证A500ETF,2025-09-06 17:14:18,,,,,,,,,,,,,,,,,,,,,,,,
2025-03-25,0.966,0.968,0.961,0.964,2673268397.0,2577.03,0.72,-0.41,-0.004,0.0,159338,中证A500ETF,2025-09-06 17:14:18,,,,,,,,,,,,,,,,,,,,,,,,
2025-03-24,0.961,0.968,0.957,0.968,3122627788.0,3022.7,1.14,0.52,0.005,0.0,159338,中证A500ETF,2025-09-06 17:14:18,,,,,,,,,,,,,,,,,,,,,,,,
2025-03-21,0.975,0.979,0.958,0.963,3742087572.0,3603.63,2.15,-1.43,-0.014,0.0,159338,中证A500ETF,2025-09-06 17:14:18,,,,,,,,,,,,,,,,,,,,,,,,
2025-03-20,0.985,0.986,0.976,0.977,2822806982.0,2757.88,1.01,-0.91,-0.009,0.0,159338,中证A500ETF,2025-09-06 17:14:18,,,,,,,,,,,,,,,,,,,,,,,,
2025-03-19,0.986,0.989,0.98,0.986,2623108644.0,2586.39,0.91,0.0,0.0,0.0,159338,中证A500ETF,2025-09-06 17:14:18,,,,,,,,,,,,,,,,,,,,,,,,
2025-03-18,0.987,0.99,0.984,0.986,2665331089.0,2628.02,0.61,0.41,0.004,0.0,159338,中证A500ETF,2025-09-06 17:14:18,,,,,,,,,,,,,,,,,,,,,,,,
2025-03-17,0.988,0.989,0.982,0.982,2373326084.0,2330.61,0.71,-0.3,-0.003,0.0,159338,中证A500ETF,2025-09-06 17:14:18,,,,,,,,,,,,,,,,,,,,,,,,
2025-03-14,0.962,0.986,0.962,0.985,3610821654.0,3556.66,2.49,2.39,0.023,0.0,159338,中证A500ETF,2025-09-06 17:14:18,,,,,,,,,,,,,,,,,,,,,,,,
2025-03-13,0.968,0.971,0.958,0.962,3062286639.0,2945.92,1.34,-0.72,-0.007,0.0,159338,中证A500ETF,2025-09-06 17:14:18,,,,,,,,,,,,,,,,,,,,,,,,
2025-03-12,0.973,0.976,0.967,0.969,2890474622.0,2800.87,0.93,-0.1,-0.001,0.0,159338,中证A500ETF,2025-09-06 17:14:18,,,,,,,,,,,,,,,,,,,,,,,,
2025-03-11,0.96,0.971,0.959,0.97,3119620247.0,3026.03,1.24,0.31,0.003,0.0,159338,中证A500ETF,2025-09-06 17:14:18,,,,,,,,,,,,,,,,,,,,,,,,
2025-03-10,0.969,0.974,0.962,0.967,3022614341.0,2922.87,1.24,-0.31,-0.003,0.0,159338,中证A500ETF,2025-09-06 17:14:18,,,,,,,,,,,,,,,,,,,,,,,,
2025-03-07,0.972,0.978,0.968,0.97,3563737513.0,3456.83,1.03,-0.41,-0.004,0.0,159338,中证A500ETF,2025-09-06 17:14:18,,,,,,,,,,,,,,,,,,,,,,,,
2025-03-06,0.963,0.976,0.963,0.974,4119010842.0,4011.92,1.36,1.56,0.015,0.0,159338,中证A500ETF,2025-09-06 17:14:18,,,,,,,,,,,,,,,,,,,,,,,,
2025-03-05,0.955,0.961,0.952,0.959,3654162425.0,3504.34,0.94,0.31,0.003,0.0,159338,中证A500ETF,2025-09-06 17:14:18,,,,,,,,,,,,,,,,,,,,,,,,
2025-03-04,0.952,0.957,0.947,0.956,3734690781.0,3570.36,1.05,0.1,0.001,0.0,159338,中证A500ETF,2025-09-06 17:14:18,,,,,,,,,,,,,,,,,,,,,,,,
2025-03-03,0.957,0.967,0.951,0.955,3667006580.0,3501.99,1.67,-0.1,-0.001,0.0,159338,中证A500ETF,2025-09-06 17:14:18,,,,,,,,,,,,,,,,,,,,,,,,
2025-02-28,0.972,0.975,0.953,0.956,4428175143.0,4233.34,2.25,-2.05,-0.02,0.0,159338,中证A500ETF,2025-09-06 17:14:18,,,,,,,,,,,,,,,,,,,,,,,,
2025-02-27,0.977,0.979,0.967,0.976,3525818676.0,3441.2,1.23,-0.1,-0.001,0.0,159338,中证A500ETF,2025-09-06 17:14:18,,,,,,,,,,,,,,,,,,,,,,,,
2025-02-26,0.967,0.978,0.967,0.977,3893683979.0,3804.13,1.14,1.03,0.01,0.0,159338,中证A500ETF,2025-09-06 17:14:18,,,,,,,,,,,,,,,,,,,,,,,,
2025-02-25,0.971,0.977,0.965,0.967,3578490562.0,3460.4,1.23,-1.02,-0.01,0.0,159338,中证A500ETF,2025-09-06 17:14:18,,,,,,,,,,,,,,,,,,,,,,,,
2025-02-24,0.979,0.985,0.972,0.977,3739646365.0,3653.63,1.32,-0.51,-0.005,0.0,159338,中证A500ETF,2025-09-06 17:14:18,,,,,,,,,,,,,,,,,,,,,,,,
2025-02-21,0.967,0.983,0.966,0.982,4099988144.0,4026.19,1.76,1.66,0.016,0.0,159338,中证A500ETF,2025-09-06 17:14:18,,,,,,,,,,,,,,,,,,,,,,,,
2025-02-20,0.968,0.97,0.962,0.966,3437005000.0,3320.15,0.83,-0.21,-0.002,0.0,159338,中证A500ETF,2025-09-06 17:14:18,,,,,,,,,,,,,,,,,,,,,,,,
2025-02-19,0.958,0.969,0.956,0.968,3750145644.0,3630.14,1.36,0.94,0.009,0.0,159338,中证A500ETF,2025-09-06 17:14:18,,,,,,,,,,,,,,,,,,,,,,,,
2025-02-18,0.968,0.973,0.956,0.959,3958964584.0,3796.65,1.75,-1.03,-0.01,0.0,159338,中证A500ETF,2025-09-06 17:14:18,,,,,,,,,,,,,,,,,,,,,,,,
2025-02-17,0.97,0.973,0.963,0.969,4110075613.0,3982.66,1.03,0.1,0.001,0.0,159338,中证A500ETF,2025-09-06 17:14:18,,,,,,,,,,,,,,,,,,,,,,,,
2025-02-14,0.959,0.97,0.957,0.968,3792676802.0,3671.31,1.36,0.94,0.009,0.0,159338,中证A500ETF,2025-09-06 17:14:18,,,,,,,,,,,,,,,,,,,,,,,,
2025-02-13,0.962,0.968,0.958,0.959,4392983480.0,4212.87,1.04,-0.52,-0.005,0.0,159338,中证A500ETF,2025-09-06 17:14:18,,,,,,,,,,,,,,,,,,,,,,,,
2025-02-12,0.953,0.965,0.95,0.964,3528750377.0,3401.72,1.57,1.15,0.011,0.0,159338,中证A500ETF,2025-09-06 17:14:18,,,,,,,,,,,,,,,,,,,,,,,,
2025-02-11,0.959,0.96,0.95,0.953,3681248040.0,3508.23,1.04,-0.52,-0.005,0.0,159338,中证A500ETF,2025-09-06 17:14:18,,,,,,,,,,,,,,,,,,,,,,,,
2025-02-10,0.955,0.96,0.951,0.958,3897643068.0,3733.94,0.94,0.42,0.004,0.0,159338,中证A500ETF,2025-09-06 17:14:18,,,,,,,,,,,,,,,,,,,,,,,,
2025-02-07,0.942,0.961,0.938,0.954,4748747394.0,4530.31,2.44,1.38,0.013,0.0,159338,中证A500ETF,2025-09-06 17:14:18,,,,,,,,,,,,,,,,,,,,,,,,
2025-02-06,0.924,0.941,0.924,0.941,3763278920.0,3541.25,1.84,1.62,0.015,0.0,159338,中证A500ETF,2025-09-06 17:14:18,,,,,,,,,,,,,,,,,,,,,,,,
2025-02-05,0.935,0.935,0.923,0.926,3467068436.0,3210.51,1.29,-0.32,-0.003,0.0,159338,中证A500ETF,2025-09-06 17:14:18,,,,,,,,,,,,,,,,,,,,,,,,
2025-01-27,0.936,0.938,0.928,0.929,3682127518.0,3420.7,1.07,-0.54,-0.005,0.0,159338,中证A500ETF,2025-09-06 17:14:18,,,,,,,,,,,,,,,,,,,,,,,,
2025-01-24,0.924,0.937,0.921,0.934,4056557541.0,3788.82,1.73,0.97,0.009,0.0,159338,中证A500ETF,2025-09-06 17:14:18,,,,,,,,,,,,,,,,,,,,,,,,
2025-01-23,0.933,0.942,0.924,0.925,4103500554.0,3795.74,1.94,-0.11,-0.001,0.0,159338,中证A500ETF,2025-09-06 17:14:18,,,,,,,,,,,,,,,,,,,,,,,,
2025-01-22,0.931,0.933,0.92,0.926,3738389031.0,3461.75,1.39,-0.64,-0.006,0.0,159338,中证A500ETF,2025-09-06 17:14:18,,,,,,,,,,,,,,,,,,,,,,,,
2025-01-21,0.935,0.937,0.927,0.932,3732609111.0,3478.79,1.07,0.11,0.001,0.0,159338,中证A500ETF,2025-09-06 17:14:18,,,,,,,,,,,,,,,,,,,,,,,,
2025-01-20,0.933,0.939,0.929,0.931,4246462552.0,3953.46,1.08,0.32,0.003,0.0,159338,中证A500ETF,2025-09-06 17:14:18,,,,,,,,,,,,,,,,,,,,,,,,
2025-01-17,0.921,0.933,0.918,0.928,3992192438.0,3704.75,1.63,0.54,0.005,0.0,159338,中证A500ETF,2025-09-06 17:14:18,,,,,,,,,,,,,,,,,,,,,,,,
2025-01-16,0.926,0.935,0.917,0.923,4121471661.0,3804.12,1.95,0.22,0.002,0.0,159338,中证A500ETF,2025-09-06 17:14:18,,,,,,,,,,,,,,,,,,,,,,,,
2025-01-15,0.925,0.927,0.92,0.921,4171518329.0,3841.97,0.75,-0.75,-0.007,0.0,159338,中证A500ETF,2025-09-06 17:14:18,,,,,,,,,,,,,,,,,,,,,,,,
2025-01-14,0.905,0.93,0.901,0.928,4805317505.0,4459.33,3.22,2.88,0.026,0.0,159338,中证A500ETF,2025-09-06 17:14:18,,,,,,,,,,,,,,,,,,,,,,,,
2025-01-13,0.9,0.907,0.898,0.902,4259547662.0,3842.11,0.99,-0.44,-0.004,0.0,159338,中证A500ETF,2025-09-06 17:14:18,,,,,,,,,,,,,,,,,,,,,,,,
2025-01-10,0.914,0.919,0.905,0.906,4257170643.0,3857.0,1.53,-1.09,-0.01,0.0,159338,中证A500ETF,2025-09-06 17:14:18,,,,,,,,,,,,,,,,,,,,,,,,
2025-01-09,0.913,0.919,0.912,0.916,4226120592.0,3871.13,0.76,-0.11,-0.001,0.0,159338,中证A500ETF,2025-09-06 17:14:18,,,,,,,,,,,,,,,,,,,,,,,,
2025-01-08,0.916,0.923,0.901,0.917,4818219539.0,4418.31,2.39,-0.22,-0.002,0.0,159338,中证A500ETF,2025-09-06 17:14:18,,,,,,,,,,,,,,,,,,,,,,,,
2025-01-07,0.911,0.919,0.908,0.919,4196161797.0,3856.27,1.21,0.99,0.009,0.0,159338,中证A500ETF,2025-09-06 17:14:18,,,,,,,,,,,,,,,,,,,,,,,,
2025-01-06,0.913,0.917,0.906,0.91,4497584774.0,4092.8,1.2,-0.55,-0.005,0.0,159338,中证A500ETF,2025-09-06 17:14:18,,,,,,,,,,,,,,,,,,,,,,,,
2025-01-03,0.926,0.93,0.911,0.915,4891884941.0,4476.07,2.05,-1.19,-0.011,0.0,159338,中证A500ETF,2025-09-06 17:14:18,,,,,,,,,,,,,,,,,,,,,,,,
2025-01-02,0.954,0.956,0.919,0.926,5396689983.0,4997.33,3.87,-3.04,-0.029,0.0,159338,中证A500ETF,2025-09-06 17:14:18,,,,,,,,,,,,,,,,,,,,,,,,
2024-12-31,0.971,0.973,0.955,0.955,4188065279.0,3999.6,1.85,-1.65,-0.016,0.0,159338,中证A500ETF,2025-09-06 17:14:18,,,,,,,,,,,,,,,,,,,,,,,,
2024-12-30,0.967,0.974,0.965,0.971,3590632317.0,3486.5,0.93,0.41,0.004,0.0,159338,中证A500ETF,2025-09-06 17:14:18,,,,,,,,,,,,,,,,,,,,,,,,
2024-12-27,0.968,0.976,0.965,0.967,3759891054.0,3635.81,1.14,-0.21,-0.002,0.0,159338,中证A500ETF,2025-09-06 17:14:18,,,,,,,,,,,,,,,,,,,,,,,,
2024-12-26,0.966,0.971,0.964,0.969,3181989471.0,3083.35,0.72,0.21,0.002,0.0,159338,中证A500ETF,2025-09-06 17:14:18,,,,,,,,,,,,,,,,,,,,,,,,
2024-12-25,0.968,0.972,0.962,0.967,3372944840.0,3261.64,1.03,-0.21,-0.002,0.0,159338,中证A500ETF,2025-09-06 17:14:18,,,,,,,,,,,,,,,,,,,,,,,,
2024-12-24,0.959,0.969,0.958,0.969,3374745203.0,3270.13,1.15,1.04,0.01,0.0,159338,中证A500ETF,2025-09-06 17:14:18,,,,,,,,,,,,,,,,,,,,,,,,
2024-12-23,0.96,0.967,0.957,0.959,3274674268.0,3140.41,1.04,-0.21,-0.002,0.0,159338,中证A500ETF,2025-09-06 17:14:18,,,,,,,,,,,,,,,,,,,,,,,,
2024-12-20,0.96,0.968,0.958,0.961,3288478779.0,3160.23,1.04,-0.1,-0.001,0.0,159338,中证A500ETF,2025-09-06 17:14:18,,,,,,,,,,,,,,,,,,,,,,,,
2024-12-19,0.953,0.965,0.949,0.962,3170377165.0,3049.9,1.67,0.21,0.002,0.0,159338,中证A500ETF,2025-09-06 17:14:18,,,,,,,,,,,,,,,,,,,,,,,,
2024-12-18,0.959,0.964,0.957,0.96,2978612756.0,2859.47,0.73,0.52,0.005,0.0,159338,中证A500ETF,2025-09-06 17:14:18,,,,,,,,,,,,,,,,,,,,,,,,
2024-12-17,0.952,0.964,0.952,0.955,3048658840.0,2911.47,1.26,0.0,0.0,0.0,159338,中证A500ETF,2025-09-06 17:14:18,,,,,,,,,,,,,,,,,,,,,,,,
2024-12-16,0.962,0.963,0.951,0.955,3310008222.0,3161.06,1.24,-0.93,-0.009,0.0,159338,中证A500ETF,2025-09-06 17:14:18,,,,,,,,,,,,,,,,,,,,,,,,
2024-12-13,0.979,0.979,0.961,0.964,3852298734.0,3713.62,1.83,-2.03,-0.02,0.0,159338,中证A500ETF,2025-09-06 17:14:18,,,,,,,,,,,,,,,,,,,,,,,,
2024-12-12,0.976,0.985,0.973,0.984,3011263842.0,2963.08,1.23,0.82,0.008,0.0,159338,中证A500ETF,2025-09-06 17:14:18,,,,,,,,,,,,,,,,,,,,,,,,
2024-12-11,0.975,0.978,0.969,0.976,2875323042.0,2806.32,0.92,0.0,0.0,0.0,159338,中证A500ETF,2025-09-06 17:14:18,,,,,,,,,,,,,,,,,,,,,,,,
2024-12-10,1.001,1.006,0.973,0.976,3918639936.0,3824.59,3.41,0.83,0.008,0.0,159338,中证A500ETF,2025-09-06 17:14:18,,,,,,,,,,,,,,,,,,,,,,,,
2024-12-09,0.97,0.976,0.962,0.968,2815165932.0,2725.08,1.44,-0.31,-0.003,0.0,159338,中证A500ETF,2025-09-06 17:14:18,,,,,,,,,,,,,,,,,,,,,,,,
2024-12-06,0.957,0.976,0.956,0.971,3205301254.0,3112.35,2.09,1.46,0.014,0.0,159338,中证A500ETF,2025-09-06 17:14:18,,,,,,,,,,,,,,,,,,,,,,,,
2024-12-05,0.956,0.961,0.953,0.957,2594064844.0,2482.52,0.84,0.0,0.0,0.0,159338,中证A500ETF,2025-09-06 17:14:18,,,,,,,,,,,,,,,,,,,,,,,,
2024-12-04,0.963,0.966,0.955,0.957,2655658094.0,2541.46,1.14,-0.73,-0.007,0.0,159338,中证A500ETF,2025-09-06 17:14:18,,,,,,,,,,,,,,,,,,,,,,,,
2024-12-03,0.966,0.969,0.958,0.964,2592882322.0,2499.54,1.14,-0.1,-0.001,0.0,159338,中证A500ETF,2025-09-06 17:14:18,,,,,,,,,,,,,,,,,,,,,,,,
2024-12-02,0.954,0.968,0.952,0.965,3004581815.0,2899.42,1.68,1.05,0.01,0.0,159338,中证A500ETF,2025-09-06 17:14:18,,,,,,,,,,,,,,,,,,,,,,,,
2024-11-29,0.943,0.965,0.942,0.955,3200792221.0,3056.76,2.44,1.17,0.011,0.0,159338,中证A500ETF,2025-09-06 17:14:18,,,,,,,,,,,,,,,,,,,,,,,,
2024-11-28,0.952,0.954,0.942,0.944,2688396066.0,2537.85,1.26,-1.05,-0.01,0.0,159338,中证A500ETF,2025-09-06 17:14:18,,,,,,,,,,,,,,,,,,,,,,,,
2024-11-27,0.934,0.954,0.928,0.954,3038599084.0,2898.82,2.78,1.92,0.018,0.0,159338,中证A500ETF,2025-09-06 17:14:18,,,,,,,,,,,,,,,,,,,,,,,,
2024-11-26,0.936,0.945,0.935,0.936,2444446783.0,2288.0,1.06,-0.32,-0.003,0.0,159338,中证A500ETF,2025-09-06 17:14:18,,,,,,,,,,,,,,,,,,,,,,,,
2024-11-25,0.946,0.95,0.93,0.939,2991054320.0,2808.6,2.11,-0.74,-0.007,0.0,159338,中证A500ETF,2025-09-06 17:14:18,,,,,,,,,,,,,,,,,,,,,,,,
2024-11-22,0.973,0.975,0.944,0.946,3258773139.0,3082.8,3.18,-3.07,-0.03,0.0,159338,中证A500ETF,2025-09-06 17:14:18,,,,,,,,,,,,,,,,,,,,,,,,
2024-11-21,0.975,0.978,0.969,0.976,2278087295.0,2223.41,0.92,0.0,0.0,0.0,159338,中证A500ETF,2025-09-06 17:14:18,,,,,,,,,,,,,,,,,,,,,,,,
2024-11-20,0.967,0.979,0.965,0.976,2612630117.0,2549.93,1.44,0.51,0.005,0.0,159338,中证A500ETF,2025-09-06 17:14:18,,,,,,,,,,,,,,,,,,,,,,,,
2024-11-19,0.962,0.971,0.948,0.971,3004619167.0,2917.49,2.39,0.94,0.009,0.0,159338,中证A500ETF,2025-09-06 17:14:18,,,,,,,,,,,,,,,,,,,,,,,,
2024-11-18,0.975,0.982,0.956,0.962,3078954791.0,2961.95,2.67,-1.03,-0.01,0.0,159338,中证A500ETF,2025-09-06 17:14:18,,,,,,,,,,,,,,,,,,,,,,,,
2024-11-15,0.986,0.991,0.97,0.972,2823293479.0,2744.24,2.13,-1.62,-0.016,0.0,159338,中证A500ETF,2025-09-06 17:14:18,,,,,,,,,,,,,,,,,,,,,,,,
2024-11-14,1.007,1.009,0.988,0.988,2935488325.0,2900.26,2.08,-2.08,-0.021,0.0,159338,中证A500ETF,2025-09-06 17:14:18,,,,,,,,,,,,,,,,,,,,,,,,
2024-11-13,1.0,1.012,0.998,1.009,1679301880.0,1694.42,1.39,0.3,0.003,0.0,159338,中证A500ETF,2025-09-06 17:14:18,,,,,,,,,,,,,,,,,,,,,,,,
2024-11-12,1.018,1.029,0.999,1.006,2971647530.0,2989.48,2.95,-1.18,-0.012,0.0,159338,中证A500ETF,2025-09-06 17:14:18,,,,,,,,,,,,,,,,,,,,,,,,
2024-11-11,0.999,1.018,0.995,1.018,2218930869.0,2258.87,2.28,1.09,0.011,0.0,159338,中证A500ETF,2025-09-06 17:14:18,,,,,,,,,,,,,,,,,,,,,,,,
2024-11-08,1.026,1.029,1.004,1.007,3286181151.0,3309.18,2.47,-0.69,-0.007,0.0,159338,中证A500ETF,2025-09-06 17:14:18,,,,,,,,,,,,,,,,,,,,,,,,
2024-11-07,0.981,1.014,0.979,1.014,2928656934.0,2969.66,3.54,2.53,0.025,0.0,159338,中证A500ETF,2025-09-06 17:14:18,,,,,,,,,,,,,,,,,,,,,,,,
2024-11-06,0.993,1.004,0.983,0.989,3431673825.0,3393.93,2.12,-0.3,-0.003,0.0,159338,中证A500ETF,2025-09-06 17:14:18,,,,,,,,,,,,,,,,,,,,,,,,
2024-11-05,0.965,0.994,0.961,0.992,3054694131.0,3030.26,3.42,2.69,0.026,0.0,159338,中证A500ETF,2025-09-06 17:14:18,,,,,,,,,,,,,,,,,,,,,,,,
2024-11-04,0.954,0.966,0.952,0.966,1797590253.0,1736.47,1.47,1.47,0.014,0.0,159338,中证A500ETF,2025-09-06 17:14:18,,,,,,,,,,,,,,,,,,,,,,,,
2024-11-01,0.956,0.964,0.949,0.952,2209819688.0,2103.75,1.57,-0.31,-0.003,0.0,159338,中证A500ETF,2025-09-06 17:14:18,,,,,,,,,,,,,,,,,,,,,,,,
2024-10-31,0.952,0.963,0.947,0.955,2147546882.0,2050.91,1.68,0.1,0.001,0.0,159338,中证A500ETF,2025-09-06 17:14:18,,,,,,,,,,,,,,,,,,,,,,,,
2024-10-30,0.955,0.961,0.946,0.954,3347210665.0,3193.24,1.57,-0.42,-0.004,0.0,159338,中证A500ETF,2025-09-06 17:14:18,,,,,,,,,,,,,,,,,,,,,,,,
2024-10-29,0.968,0.974,0.958,0.958,2596871628.0,2487.8,1.65,-0.93,-0.009,0.0,159338,中证A500ETF,2025-09-06 17:14:18,,,,,,,,,,,,,,,,,,,,,,,,
2024-10-28,0.966,0.968,0.955,0.967,2812820112.0,2720.0,1.35,0.21,0.002,0.0,159338,中证A500ETF,2025-09-06 17:14:18,,,,,,,,,,,,,,,,,,,,,,,,
2024-10-25,0.957,0.974,0.954,0.965,2204960808.0,2127.79,2.09,1.05,0.01,0.0,159338,中证A500ETF,2025-09-06 17:14:18,,,,,,,,,,,,,,,,,,,,,,,,
2024-10-24,0.961,0.962,0.951,0.955,1995473848.0,1905.68,1.14,-1.04,-0.01,0.0,159338,中证A500ETF,2025-09-06 17:14:18,,,,,,,,,,,,,,,,,,,,,,,,
2024-10-23,0.963,0.977,0.957,0.965,2171513614.0,2095.51,2.07,0.1,0.001,0.0,159338,中证A500ETF,2025-09-06 17:14:18,,,,,,,,,,,,,,,,,,,,,,,,
2024-10-22,0.955,0.965,0.95,0.964,1812924625.0,1747.66,1.57,0.94,0.009,0.0,159338,中证A500ETF,2025-09-06 17:14:18,,,,,,,,,,,,,,,,,,,,,,,,
2024-10-21,0.955,0.968,0.945,0.955,2729331828.0,2606.51,2.42,0.32,0.003,0.0,159338,中证A500ETF,2025-09-06 17:14:18,,,,,,,,,,,,,,,,,,,,,,,,
2024-10-18,0.915,0.974,0.91,0.952,2657969068.0,2530.39,6.99,4.04,0.037,0.0,159338,中证A500ETF,2025-09-06 17:14:18,,,,,,,,,,,,,,,,,,,,,,,,
2024-10-17,0.929,0.937,0.915,0.915,1613631210.0,1476.47,2.38,-0.87,-0.008,0.0,159338,中证A500ETF,2025-09-06 17:14:18,,,,,,,,,,,,,,,,,,,,,,,,
2024-10-16,0.92,0.936,0.916,0.923,2159257453.0,1992.99,2.15,-0.97,-0.009,0.0,159338,中证A500ETF,2025-09-06 17:14:18,,,,,,,,,,,,,,,,,,,,,,,,
2024-10-15,0.97,0.97,0.93,0.932,3329986923.0,3103.55,0.0,0.0,0.0,0.0,159338,中证A500ETF,2025-09-06 17:14:18,,,,,,,,,,,,,,,,,,,,,,,,
