日期,开盘,最高,最低,收盘,成交量,成交额,振幅,涨跌幅,涨跌额,换手率,ETF代码,ETF名称,爬取时间,折溢价率,IOPV,前收盘,量比,委比,外盘,内盘,主力净流入-净额,主力净流入-净占比,超大单净流入-净额,超大单净流入-净占比,大单净流入-净额,大单净流入-净占比,中单净流入-净额,中单净流入-净占比,小单净流入-净额,小单净流入-净占比,现手,买一,卖一,最新份额,流通市值,总市值,更新时间
2025-09-22,1.947,1.98,1.936,1.962,1014630789.0,19907056.08,2.26,0.77,0.015,,159570,港股通创新药ETF,2025-09-22 21:52:51,,,,,,,,,,,,,,,,,,,,,,,,
2025-09-19,1.986,1.992,1.923,1.936,1026174770.0,19866743.55,3.53,-1.07,-0.021,,159570,港股通创新药ETF,2025-09-19 18:14:22,,,,,,,,,,,,,,,,,,,,,,,,
2025-09-18,1.97,2.005,1.939,1.957,1880507093.0,36801523.81,3.37,-0.15,-0.003,,159570,港股通创新药ETF,2025-09-19 18:14:22,,,,,,,,,,,,,,,,,,,,,,,,
2025-09-17,1.99,1.99,1.921,1.96,1968710369.0,38586723.23,3.47,-1.51,-0.03,,159570,港股通创新药ETF,2025-09-19 18:14:22,,,,,,,,,,,,,,,,,,,,,,,,
2025-09-16,2.047,2.075,1.994,2.006,2097404330.0,42073930.86,3.96,-2.0,-0.041,,159570,港股通创新药ETF,2025-09-18 22:22:51,,,,,,,,,,,,,,,,,,,,,,,,
2025-09-12,2.014,2.029,1.983,2.001,212838.74,4270747952.167,2.31,0.45,0.009,19.91,159570,港股通创新药ETF,2025-09-12 22:21:36,0.11,2.0033,1.992,0.95,-15.5,10693557.0,10590317.0,-50072528.0,-1.17,-19085888.0,-0.45,-30986640.0,-0.73,10018704.0,0.23,40053808.0,0.94,87552.0,2.0,2.001,10688597248.0,21387883093.0,21387883093.0,2025-09-12 15:34:45+08:00
2025-09-11,1.891,1.996,1.845,1.992,3755992438.0,74819369.36,0.0,0.0,0.0,0.0,159570,港股通创新药ETF,2025-09-11 22:22:15,0.0,,,,,,,,,,,,,,,,,,,,,,,
2025-09-10,2.069,2.083,2.017,2.022,1602543314.0,32403425.81,0.0,0.0,0.0,0.0,159570,港股通创新药ETF,2025-09-10 22:21:27,0.0,,,,,,,,,,,,,,,,,,,,,,,
2025-09-09,2.037,2.091,2.01,2.058,1761670423.0,36255177.31,0.0,0.0,0.0,0.0,159570,港股通创新药ETF,2025-09-09 18:57:38,,,,,,,,,,,,,,,,,,,,,,,,
2025-09-08,2.08,2.106,2.024,2.054,2054016217.0,42189493.1,0.0,0.0,0.0,0.0,159570,港股通创新药ETF,2025-09-08 18:27:51,,,,,,,,,,,,,,,,,,,,,,,,
2025-09-05,1.975,2.078,1.964,2.078,2035866134.0,4230.53,5.79,5.48,0.108,0.0,159570,港股通创新药ETF,2025-09-06 17:14:18,,,,,,,,,,,,,,,,,,,,,,,,
2025-09-04,2.065,2.069,1.946,1.97,1988308665.0,3916.97,6.02,-3.53,-0.072,0.0,159570,港股通创新药ETF,2025-09-06 17:14:18,,,,,,,,,,,,,,,,,,,,,,,,
2025-09-03,2.037,2.07,2.023,2.042,1734430456.0,3541.71,2.33,1.39,0.028,0.0,159570,港股通创新药ETF,2025-09-06 17:14:18,,,,,,,,,,,,,,,,,,,,,,,,
2025-09-02,2.025,2.072,1.997,2.014,2213451643.0,4457.89,3.7,-0.54,-0.011,0.0,159570,港股通创新药ETF,2025-09-06 17:14:18,,,,,,,,,,,,,,,,,,,,,,,,
2025-09-01,1.975,2.041,1.938,2.025,2342679985.0,4743.93,5.23,2.9,0.057,0.0,159570,港股通创新药ETF,2025-09-06 17:14:18,,,,,,,,,,,,,,,,,,,,,,,,
2025-08-29,1.881,1.97,1.865,1.968,2243238075.0,4414.69,5.59,4.68,0.088,0.0,159570,港股通创新药ETF,2025-09-06 17:14:18,,,,,,,,,,,,,,,,,,,,,,,,
2025-08-28,1.916,1.932,1.832,1.88,2235776851.0,4203.26,5.22,-1.88,-0.036,0.0,159570,港股通创新药ETF,2025-09-06 17:14:18,,,,,,,,,,,,,,,,,,,,,,,,
2025-08-27,2.041,2.046,1.913,1.916,1833322741.0,3512.65,6.62,-4.63,-0.093,0.0,159570,港股通创新药ETF,2025-09-06 17:14:18,,,,,,,,,,,,,,,,,,,,,,,,
2025-08-26,2.036,2.063,2.004,2.009,1913447975.0,3844.12,2.88,-1.81,-0.037,0.0,159570,港股通创新药ETF,2025-09-06 17:14:18,,,,,,,,,,,,,,,,,,,,,,,,
2025-08-25,2.061,2.07,2.026,2.046,1749952598.0,3580.4,2.15,0.05,0.001,0.0,159570,港股通创新药ETF,2025-09-06 17:14:18,,,,,,,,,,,,,,,,,,,,,,,,
2025-08-22,2.032,2.046,2.01,2.045,1688948350.0,3453.9,1.79,1.94,0.039,0.0,159570,港股通创新药ETF,2025-09-06 17:14:18,,,,,,,,,,,,,,,,,,,,,,,,
2025-08-21,1.983,2.015,1.981,2.006,1365754800.0,2739.7,1.72,1.26,0.025,0.0,159570,港股通创新药ETF,2025-09-06 17:14:18,,,,,,,,,,,,,,,,,,,,,,,,
2025-08-20,2.013,2.031,1.949,1.981,1827757024.0,3620.79,4.06,-1.98,-0.04,0.0,159570,港股通创新药ETF,2025-09-06 17:14:18,,,,,,,,,,,,,,,,,,,,,,,,
2025-08-19,2.08,2.093,2.016,2.021,2032408320.0,4107.5,3.7,-2.79,-0.058,0.0,159570,港股通创新药ETF,2025-09-06 17:14:18,,,,,,,,,,,,,,,,,,,,,,,,
2025-08-18,2.027,2.081,2.027,2.079,1495389979.0,3108.92,2.69,3.48,0.07,0.0,159570,港股通创新药ETF,2025-09-06 17:14:18,,,,,,,,,,,,,,,,,,,,,,,,
2025-08-15,1.968,2.028,1.968,2.009,1881126038.0,3779.18,3.05,1.98,0.039,0.0,159570,港股通创新药ETF,2025-09-06 17:14:18,,,,,,,,,,,,,,,,,,,,,,,,
2025-08-14,1.977,1.992,1.953,1.97,1494630920.0,2944.42,1.99,0.41,0.008,0.0,159570,港股通创新药ETF,2025-09-06 17:14:18,,,,,,,,,,,,,,,,,,,,,,,,
2025-08-13,1.903,1.962,1.899,1.962,1821329407.0,3573.45,3.33,3.81,0.072,0.0,159570,港股通创新药ETF,2025-09-06 17:14:18,,,,,,,,,,,,,,,,,,,,,,,,
2025-08-12,1.907,1.916,1.875,1.89,1128078362.0,2132.07,2.16,-0.32,-0.006,0.0,159570,港股通创新药ETF,2025-09-06 17:14:18,,,,,,,,,,,,,,,,,,,,,,,,
2025-08-11,1.908,1.91,1.846,1.896,1467069522.0,2781.56,3.39,0.42,0.008,0.0,159570,港股通创新药ETF,2025-09-06 17:14:18,,,,,,,,,,,,,,,,,,,,,,,,
2025-08-08,1.89,1.915,1.863,1.888,1664927914.0,3143.38,2.72,-1.41,-0.027,0.0,159570,港股通创新药ETF,2025-09-06 17:14:18,,,,,,,,,,,,,,,,,,,,,,,,
2025-08-07,1.975,1.98,1.899,1.915,1391780752.0,2665.26,4.11,-2.89,-0.057,0.0,159570,港股通创新药ETF,2025-09-06 17:14:18,,,,,,,,,,,,,,,,,,,,,,,,
2025-08-06,1.982,1.995,1.958,1.972,1298144347.0,2559.94,1.89,0.77,0.015,0.0,159570,港股通创新药ETF,2025-09-06 17:14:18,,,,,,,,,,,,,,,,,,,,,,,,
2025-08-05,1.919,1.957,1.909,1.957,1572506535.0,3077.4,2.52,2.78,0.053,0.0,159570,港股通创新药ETF,2025-09-06 17:14:18,,,,,,,,,,,,,,,,,,,,,,,,
2025-08-04,1.887,1.905,1.836,1.904,1384645054.0,2636.36,3.62,-0.05,-0.001,0.0,159570,港股通创新药ETF,2025-09-06 17:14:18,,,,,,,,,,,,,,,,,,,,,,,,
2025-08-01,1.926,1.984,1.893,1.905,2186399865.0,4165.09,4.72,-1.09,-0.021,0.0,159570,港股通创新药ETF,2025-09-06 17:14:18,,,,,,,,,,,,,,,,,,,,,,,,
2025-07-31,1.941,1.989,1.918,1.926,2028701070.0,3907.28,3.68,-0.16,-0.003,0.0,159570,港股通创新药ETF,2025-09-06 17:14:18,,,,,,,,,,,,,,,,,,,,,,,,
2025-07-30,1.991,2.049,1.918,1.929,2517913974.0,4857.06,6.58,-3.11,-0.062,0.0,159570,港股通创新药ETF,2025-09-06 17:14:18,,,,,,,,,,,,,,,,,,,,,,,,
2025-07-29,1.92,2.001,1.912,1.991,2058493176.0,4098.46,4.65,4.02,0.077,0.0,159570,港股通创新药ETF,2025-09-06 17:14:18,,,,,,,,,,,,,,,,,,,,,,,,
2025-07-28,1.858,1.914,1.845,1.914,1284459545.0,2458.46,3.75,3.97,0.073,0.0,159570,港股通创新药ETF,2025-09-06 17:14:18,,,,,,,,,,,,,,,,,,,,,,,,
2025-07-25,1.849,1.888,1.84,1.841,1459024210.0,2686.06,2.6,-0.32,-0.006,0.0,159570,港股通创新药ETF,2025-09-06 17:14:18,,,,,,,,,,,,,,,,,,,,,,,,
2025-07-24,1.823,1.847,1.809,1.847,1376200800.0,2541.84,2.1,1.99,0.036,0.0,159570,港股通创新药ETF,2025-09-06 17:14:18,,,,,,,,,,,,,,,,,,,,,,,,
2025-07-23,1.826,1.855,1.801,1.811,1475176767.0,2671.55,2.98,-0.17,-0.003,0.0,159570,港股通创新药ETF,2025-09-06 17:14:18,,,,,,,,,,,,,,,,,,,,,,,,
2025-07-22,1.808,1.872,1.808,1.814,1573091643.0,2853.59,3.53,0.0,0.0,0.0,159570,港股通创新药ETF,2025-09-06 17:14:18,,,,,,,,,,,,,,,,,,,,,,,,
2025-07-21,1.828,1.838,1.782,1.814,1294702103.0,2348.59,3.07,-0.55,-0.01,0.0,159570,港股通创新药ETF,2025-09-06 17:14:18,,,,,,,,,,,,,,,,,,,,,,,,
2025-07-18,1.823,1.833,1.798,1.824,1409545600.0,2571.01,1.93,0.61,0.011,0.0,159570,港股通创新药ETF,2025-09-06 17:14:18,,,,,,,,,,,,,,,,,,,,,,,,
2025-07-17,1.731,1.822,1.731,1.813,2065903000.0,3745.48,5.28,5.1,0.088,0.0,159570,港股通创新药ETF,2025-09-06 17:14:18,,,,,,,,,,,,,,,,,,,,,,,,
2025-07-16,1.714,1.73,1.706,1.725,1320561599.0,2277.97,1.41,1.41,0.024,0.0,159570,港股通创新药ETF,2025-09-06 17:14:18,,,,,,,,,,,,,,,,,,,,,,,,
2025-07-15,1.654,1.707,1.645,1.701,1569161700.0,2669.14,3.75,2.9,0.048,0.0,159570,港股通创新药ETF,2025-09-06 17:14:18,,,,,,,,,,,,,,,,,,,,,,,,
2025-07-14,1.618,1.654,1.602,1.653,1203597500.0,1989.55,3.21,2.1,0.034,0.0,159570,港股通创新药ETF,2025-09-06 17:14:18,,,,,,,,,,,,,,,,,,,,,,,,
2025-07-11,1.603,1.626,1.6,1.619,1561768700.0,2528.5,1.62,1.19,0.019,0.0,159570,港股通创新药ETF,2025-09-06 17:14:18,,,,,,,,,,,,,,,,,,,,,,,,
2025-07-10,1.606,1.625,1.591,1.6,1111479597.0,1778.37,2.13,0.13,0.002,0.0,159570,港股通创新药ETF,2025-09-06 17:14:18,,,,,,,,,,,,,,,,,,,,,,,,
2025-07-09,1.574,1.615,1.557,1.598,1854194100.0,2963.0,3.68,1.33,0.021,0.0,159570,港股通创新药ETF,2025-09-06 17:14:18,,,,,,,,,,,,,,,,,,,,,,,,
2025-07-08,1.585,1.603,1.569,1.577,1125399356.0,1774.75,2.15,-0.44,-0.007,0.0,159570,港股通创新药ETF,2025-09-06 17:14:18,,,,,,,,,,,,,,,,,,,,,,,,
2025-07-07,1.616,1.624,1.577,1.584,1108303414.0,1755.55,2.92,-1.43,-0.023,0.0,159570,港股通创新药ETF,2025-09-06 17:14:18,,,,,,,,,,,,,,,,,,,,,,,,
2025-07-04,1.585,1.625,1.576,1.607,1684230900.0,2706.56,3.08,1.01,0.016,0.0,159570,港股通创新药ETF,2025-09-06 17:14:18,,,,,,,,,,,,,,,,,,,,,,,,
2025-07-03,1.544,1.594,1.536,1.591,2220601915.0,3532.98,3.79,3.92,0.06,0.0,159570,港股通创新药ETF,2025-09-06 17:14:18,,,,,,,,,,,,,,,,,,,,,,,,
2025-07-02,1.58,1.603,1.53,1.531,1419903815.0,2173.87,4.57,-4.25,-0.068,0.0,159570,港股通创新药ETF,2025-09-06 17:14:18,,,,,,,,,,,,,,,,,,,,,,,,
2025-07-01,1.532,1.607,1.527,1.599,1510194700.0,2414.8,5.23,4.44,0.068,0.0,159570,港股通创新药ETF,2025-09-06 17:14:18,,,,,,,,,,,,,,,,,,,,,,,,
2025-06-30,1.508,1.531,1.486,1.531,1203021700.0,1841.83,3.0,2.07,0.031,0.0,159570,港股通创新药ETF,2025-09-06 17:14:18,,,,,,,,,,,,,,,,,,,,,,,,
2025-06-27,1.517,1.531,1.493,1.5,1258952800.0,1888.43,2.5,-1.25,-0.019,0.0,159570,港股通创新药ETF,2025-09-06 17:14:18,,,,,,,,,,,,,,,,,,,,,,,,
2025-06-26,1.551,1.553,1.508,1.519,1236052190.0,1877.56,2.87,-3.06,-0.048,0.0,159570,港股通创新药ETF,2025-09-06 17:14:18,,,,,,,,,,,,,,,,,,,,,,,,
2025-06-25,1.572,1.597,1.552,1.567,1673622900.0,2622.57,2.89,0.64,0.01,0.0,159570,港股通创新药ETF,2025-09-06 17:14:18,,,,,,,,,,,,,,,,,,,,,,,,
2025-06-24,1.533,1.57,1.506,1.557,1794362300.0,2793.82,4.21,2.43,0.037,0.0,159570,港股通创新药ETF,2025-09-06 17:14:18,,,,,,,,,,,,,,,,,,,,,,,,
2025-06-23,1.459,1.521,1.445,1.52,1857418000.0,2823.28,5.18,3.61,0.053,0.0,159570,港股通创新药ETF,2025-09-06 17:14:18,,,,,,,,,,,,,,,,,,,,,,,,
2025-06-20,1.472,1.478,1.449,1.467,1404527500.0,2060.44,1.98,0.41,0.006,0.0,159570,港股通创新药ETF,2025-09-06 17:14:18,,,,,,,,,,,,,,,,,,,,,,,,
2025-06-19,1.517,1.536,1.45,1.461,1950049317.0,2849.02,5.7,-3.12,-0.047,0.0,159570,港股通创新药ETF,2025-09-06 17:14:18,,,,,,,,,,,,,,,,,,,,,,,,
2025-06-18,1.495,1.517,1.481,1.508,1735590100.0,2617.27,2.4,0.53,0.008,0.0,159570,港股通创新药ETF,2025-09-06 17:14:18,,,,,,,,,,,,,,,,,,,,,,,,
2025-06-17,1.606,1.623,1.496,1.5,2239951200.0,3359.93,8.02,-5.24,-0.083,0.0,159570,港股通创新药ETF,2025-09-06 17:14:18,,,,,,,,,,,,,,,,,,,,,,,,
2025-06-16,1.601,1.634,1.571,1.583,2043423918.0,3234.74,3.94,-1.12,-0.018,0.0,159570,港股通创新药ETF,2025-09-06 17:14:18,,,,,,,,,,,,,,,,,,,,,,,,
2025-06-13,1.65,1.679,1.584,1.601,2676504700.0,4285.08,5.76,-2.91,-0.048,0.0,159570,港股通创新药ETF,2025-09-06 17:14:18,,,,,,,,,,,,,,,,,,,,,,,,
2025-06-12,1.555,1.651,1.551,1.649,2339201262.0,3857.34,6.4,5.57,0.087,0.0,159570,港股通创新药ETF,2025-09-06 17:14:18,,,,,,,,,,,,,,,,,,,,,,,,
2025-06-11,1.585,1.604,1.546,1.562,1925256924.0,3007.25,3.68,-0.76,-0.012,0.0,159570,港股通创新药ETF,2025-09-06 17:14:18,,,,,,,,,,,,,,,,,,,,,,,,
2025-06-10,1.53,1.595,1.515,1.574,2720551052.0,4282.15,5.27,3.69,0.056,0.0,159570,港股通创新药ETF,2025-09-06 17:14:18,,,,,,,,,,,,,,,,,,,,,,,,
2025-06-09,1.474,1.533,1.445,1.518,1609568001.0,2443.32,6.05,4.4,0.064,0.0,159570,港股通创新药ETF,2025-09-06 17:14:18,,,,,,,,,,,,,,,,,,,,,,,,
2025-06-06,1.423,1.455,1.406,1.454,1434395000.0,2085.61,3.45,2.25,0.032,0.0,159570,港股通创新药ETF,2025-09-06 17:14:18,,,,,,,,,,,,,,,,,,,,,,,,
2025-06-05,1.459,1.471,1.4,1.422,1322740669.0,1880.94,4.91,-1.66,-0.024,0.0,159570,港股通创新药ETF,2025-09-06 17:14:18,,,,,,,,,,,,,,,,,,,,,,,,
2025-06-04,1.423,1.464,1.41,1.446,1358366700.0,1964.2,3.88,3.8,0.053,0.0,159570,港股通创新药ETF,2025-09-06 17:14:18,,,,,,,,,,,,,,,,,,,,,,,,
2025-06-03,1.367,1.399,1.364,1.393,1158976497.0,1614.45,2.55,1.68,0.023,0.0,159570,港股通创新药ETF,2025-09-06 17:14:18,,,,,,,,,,,,,,,,,,,,,,,,
2025-05-30,1.37,1.393,1.365,1.37,1248017700.0,1709.78,2.05,0.37,0.005,0.0,159570,港股通创新药ETF,2025-09-06 17:14:18,,,,,,,,,,,,,,,,,,,,,,,,
2025-05-29,1.312,1.365,1.303,1.365,1206478400.0,1646.84,4.75,4.52,0.059,0.0,159570,港股通创新药ETF,2025-09-06 17:14:18,,,,,,,,,,,,,,,,,,,,,,,,
2025-05-28,1.317,1.322,1.297,1.306,768985900.0,1004.3,1.9,-0.53,-0.007,0.0,159570,港股通创新药ETF,2025-09-06 17:14:18,,,,,,,,,,,,,,,,,,,,,,,,
2025-05-27,1.264,1.319,1.264,1.313,1244400196.0,1633.9,4.35,3.88,0.049,0.0,159570,港股通创新药ETF,2025-09-06 17:14:18,,,,,,,,,,,,,,,,,,,,,,,,
2025-05-26,1.314,1.314,1.264,1.264,423671433.0,535.52,3.85,-2.62,-0.034,0.0,159570,港股通创新药ETF,2025-09-06 17:14:18,,,,,,,,,,,,,,,,,,,,,,,,
2025-05-23,1.309,1.329,1.293,1.298,788403165.0,1023.35,2.79,0.54,0.007,0.0,159570,港股通创新药ETF,2025-09-06 17:14:18,,,,,,,,,,,,,,,,,,,,,,,,
2025-05-22,1.302,1.309,1.287,1.291,594306708.0,767.25,1.67,-1.75,-0.023,0.0,159570,港股通创新药ETF,2025-09-06 17:14:18,,,,,,,,,,,,,,,,,,,,,,,,
2025-05-21,1.286,1.327,1.284,1.314,923517800.0,1213.5,3.35,2.26,0.029,0.0,159570,港股通创新药ETF,2025-09-06 17:14:18,,,,,,,,,,,,,,,,,,,,,,,,
2025-05-20,1.253,1.292,1.253,1.285,880118423.0,1130.95,3.18,4.81,0.059,0.0,159570,港股通创新药ETF,2025-09-06 17:14:18,,,,,,,,,,,,,,,,,,,,,,,,
2025-05-19,1.221,1.233,1.217,1.226,556710200.0,682.53,1.31,0.57,0.007,0.0,159570,港股通创新药ETF,2025-09-06 17:14:18,,,,,,,,,,,,,,,,,,,,,,,,
2025-05-16,1.197,1.239,1.19,1.219,690711300.0,841.98,4.11,2.35,0.028,0.0,159570,港股通创新药ETF,2025-09-06 17:14:18,,,,,,,,,,,,,,,,,,,,,,,,
2025-05-15,1.191,1.208,1.187,1.191,302117830.0,359.82,1.75,-0.5,-0.006,0.0,159570,港股通创新药ETF,2025-09-06 17:14:18,,,,,,,,,,,,,,,,,,,,,,,,
2025-05-14,1.187,1.203,1.183,1.197,409728024.0,490.44,1.68,0.84,0.01,0.0,159570,港股通创新药ETF,2025-09-06 17:14:18,,,,,,,,,,,,,,,,,,,,,,,,
2025-05-13,1.184,1.201,1.18,1.187,502582724.0,596.57,1.8,1.71,0.02,0.0,159570,港股通创新药ETF,2025-09-06 17:14:18,,,,,,,,,,,,,,,,,,,,,,,,
2025-05-12,1.197,1.197,1.165,1.167,781130312.0,911.58,2.62,-4.5,-0.055,0.0,159570,港股通创新药ETF,2025-09-06 17:14:18,,,,,,,,,,,,,,,,,,,,,,,,
2025-05-09,1.217,1.232,1.212,1.222,398804922.0,487.34,1.65,0.99,0.012,0.0,159570,港股通创新药ETF,2025-09-06 17:14:18,,,,,,,,,,,,,,,,,,,,,,,,
2025-05-08,1.216,1.227,1.205,1.21,367852300.0,445.1,1.82,-0.17,-0.002,0.0,159570,港股通创新药ETF,2025-09-06 17:14:18,,,,,,,,,,,,,,,,,,,,,,,,
2025-05-07,1.27,1.275,1.206,1.212,528499704.0,640.54,5.47,-3.96,-0.05,0.0,159570,港股通创新药ETF,2025-09-06 17:14:18,,,,,,,,,,,,,,,,,,,,,,,,
2025-05-06,1.276,1.293,1.256,1.262,430888065.0,543.78,2.94,0.16,0.002,0.0,159570,港股通创新药ETF,2025-09-06 17:14:18,,,,,,,,,,,,,,,,,,,,,,,,
2025-04-30,1.263,1.276,1.242,1.26,494907200.0,623.58,2.71,0.56,0.007,0.0,159570,港股通创新药ETF,2025-09-06 17:14:18,,,,,,,,,,,,,,,,,,,,,,,,
2025-04-29,1.264,1.279,1.248,1.253,532428000.0,667.13,2.48,0.4,0.005,0.0,159570,港股通创新药ETF,2025-09-06 17:14:18,,,,,,,,,,,,,,,,,,,,,,,,
2025-04-28,1.23,1.265,1.223,1.248,666687600.0,832.03,3.31,-1.73,-0.022,0.0,159570,港股通创新药ETF,2025-09-06 17:14:18,,,,,,,,,,,,,,,,,,,,,,,,
2025-04-25,1.308,1.323,1.27,1.27,681102700.0,865.0,4.13,-0.94,-0.012,0.0,159570,港股通创新药ETF,2025-09-06 17:14:18,,,,,,,,,,,,,,,,,,,,,,,,
2025-04-24,1.259,1.295,1.259,1.282,872108500.0,1118.04,2.88,2.72,0.034,0.0,159570,港股通创新药ETF,2025-09-06 17:14:18,,,,,,,,,,,,,,,,,,,,,,,,
2025-04-23,1.265,1.287,1.246,1.248,677437500.0,845.44,3.33,1.3,0.016,0.0,159570,港股通创新药ETF,2025-09-06 17:14:18,,,,,,,,,,,,,,,,,,,,,,,,
2025-04-22,1.199,1.247,1.189,1.232,966871609.0,1191.19,4.84,2.84,0.034,0.0,159570,港股通创新药ETF,2025-09-06 17:14:18,,,,,,,,,,,,,,,,,,,,,,,,
2025-04-21,1.156,1.202,1.153,1.198,313764197.0,375.89,4.24,3.63,0.042,0.0,159570,港股通创新药ETF,2025-09-06 17:14:18,,,,,,,,,,,,,,,,,,,,,,,,
2025-04-18,1.157,1.165,1.154,1.156,121166501.0,140.07,0.95,0.09,0.001,0.0,159570,港股通创新药ETF,2025-09-06 17:14:18,,,,,,,,,,,,,,,,,,,,,,,,
2025-04-17,1.149,1.173,1.147,1.155,662331100.0,764.99,2.25,-0.09,-0.001,0.0,159570,港股通创新药ETF,2025-09-06 17:14:18,,,,,,,,,,,,,,,,,,,,,,,,
2025-04-16,1.188,1.188,1.135,1.156,570654100.0,659.68,4.46,-2.78,-0.033,0.0,159570,港股通创新药ETF,2025-09-06 17:14:18,,,,,,,,,,,,,,,,,,,,,,,,
2025-04-15,1.222,1.234,1.188,1.189,568577500.0,676.04,3.81,-1.41,-0.017,0.0,159570,港股通创新药ETF,2025-09-06 17:14:18,,,,,,,,,,,,,,,,,,,,,,,,
2025-04-14,1.185,1.213,1.172,1.206,816127200.0,984.25,3.58,5.24,0.06,0.0,159570,港股通创新药ETF,2025-09-06 17:14:18,,,,,,,,,,,,,,,,,,,,,,,,
2025-04-11,1.087,1.151,1.076,1.146,1344345600.0,1540.62,6.86,4.85,0.053,0.0,159570,港股通创新药ETF,2025-09-06 17:14:18,,,,,,,,,,,,,,,,,,,,,,,,
2025-04-10,1.101,1.15,1.087,1.093,1218602425.0,1331.93,6.0,4.1,0.043,0.0,159570,港股通创新药ETF,2025-09-06 17:14:18,,,,,,,,,,,,,,,,,,,,,,,,
2025-04-09,0.995,1.07,0.973,1.05,1132664600.0,1189.3,9.24,0.0,0.0,0.0,159570,港股通创新药ETF,2025-09-06 17:14:18,,,,,,,,,,,,,,,,,,,,,,,,
2025-04-08,1.1,1.1,1.025,1.05,531433046.0,558.0,6.58,-7.81,-0.089,0.0,159570,港股通创新药ETF,2025-09-06 17:14:18,,,,,,,,,,,,,,,,,,,,,,,,
2025-04-07,1.147,1.19,1.139,1.139,156523822.0,178.28,4.03,-10.03,-0.127,0.0,159570,港股通创新药ETF,2025-09-06 17:14:18,,,,,,,,,,,,,,,,,,,,,,,,
2025-04-03,1.279,1.32,1.25,1.266,1205685700.0,1526.4,5.43,-1.71,-0.022,0.0,159570,港股通创新药ETF,2025-09-06 17:14:18,,,,,,,,,,,,,,,,,,,,,,,,
2025-04-02,1.293,1.317,1.277,1.288,837726300.0,1078.99,3.06,-1.38,-0.018,0.0,159570,港股通创新药ETF,2025-09-06 17:14:18,,,,,,,,,,,,,,,,,,,,,,,,
2025-04-01,1.247,1.331,1.247,1.306,1268226330.0,1656.3,6.85,6.44,0.079,0.0,159570,港股通创新药ETF,2025-09-06 17:14:18,,,,,,,,,,,,,,,,,,,,,,,,
2025-03-31,1.23,1.27,1.209,1.227,1029906800.0,1263.7,4.95,-0.49,-0.006,0.0,159570,港股通创新药ETF,2025-09-06 17:14:18,,,,,,,,,,,,,,,,,,,,,,,,
2025-03-28,1.22,1.279,1.22,1.233,1315825191.0,1622.41,4.85,1.31,0.016,0.0,159570,港股通创新药ETF,2025-09-06 17:14:18,,,,,,,,,,,,,,,,,,,,,,,,
2025-03-27,1.159,1.226,1.148,1.217,673672300.0,819.86,6.77,5.64,0.065,0.0,159570,港股通创新药ETF,2025-09-06 17:14:18,,,,,,,,,,,,,,,,,,,,,,,,
2025-03-26,1.15,1.16,1.143,1.152,124793000.0,143.76,1.48,0.17,0.002,0.0,159570,港股通创新药ETF,2025-09-06 17:14:18,,,,,,,,,,,,,,,,,,,,,,,,
2025-03-25,1.157,1.174,1.143,1.15,184412500.0,212.07,2.67,-0.86,-0.01,0.0,159570,港股通创新药ETF,2025-09-06 17:14:18,,,,,,,,,,,,,,,,,,,,,,,,
2025-03-24,1.173,1.19,1.149,1.16,185469300.0,215.14,3.51,-0.6,-0.007,0.0,159570,港股通创新药ETF,2025-09-06 17:14:18,,,,,,,,,,,,,,,,,,,,,,,,
2025-03-21,1.226,1.227,1.161,1.167,241819816.0,282.2,5.37,-4.97,-0.061,0.0,159570,港股通创新药ETF,2025-09-06 17:14:18,,,,,,,,,,,,,,,,,,,,,,,,
2025-03-20,1.208,1.242,1.205,1.228,228264482.0,280.31,3.07,1.82,0.022,0.0,159570,港股通创新药ETF,2025-09-06 17:14:18,,,,,,,,,,,,,,,,,,,,,,,,
2025-03-19,1.193,1.208,1.186,1.206,178509600.0,215.28,1.85,1.17,0.014,0.0,159570,港股通创新药ETF,2025-09-06 17:14:18,,,,,,,,,,,,,,,,,,,,,,,,
2025-03-18,1.175,1.206,1.174,1.192,205392301.0,244.83,2.76,2.76,0.032,0.0,159570,港股通创新药ETF,2025-09-06 17:14:18,,,,,,,,,,,,,,,,,,,,,,,,
2025-03-17,1.177,1.181,1.151,1.16,149084300.0,172.94,2.56,-0.85,-0.01,0.0,159570,港股通创新药ETF,2025-09-06 17:14:18,,,,,,,,,,,,,,,,,,,,,,,,
2025-03-14,1.128,1.17,1.122,1.17,218758400.0,255.95,4.32,5.22,0.058,0.0,159570,港股通创新药ETF,2025-09-06 17:14:18,,,,,,,,,,,,,,,,,,,,,,,,
2025-03-13,1.128,1.149,1.105,1.112,208140000.0,231.45,3.91,-1.24,-0.014,0.0,159570,港股通创新药ETF,2025-09-06 17:14:18,,,,,,,,,,,,,,,,,,,,,,,,
2025-03-12,1.132,1.145,1.124,1.126,146508100.0,164.97,1.87,0.27,0.003,0.0,159570,港股通创新药ETF,2025-09-06 17:14:18,,,,,,,,,,,,,,,,,,,,,,,,
2025-03-11,1.101,1.143,1.101,1.123,246995300.0,277.38,3.77,0.72,0.008,0.0,159570,港股通创新药ETF,2025-09-06 17:14:18,,,,,,,,,,,,,,,,,,,,,,,,
2025-03-10,1.151,1.158,1.111,1.115,156447100.0,174.44,4.13,-2.02,-0.023,0.0,159570,港股通创新药ETF,2025-09-06 17:14:18,,,,,,,,,,,,,,,,,,,,,,,,
2025-03-07,1.137,1.168,1.127,1.138,228556101.0,260.1,3.61,0.09,0.001,0.0,159570,港股通创新药ETF,2025-09-06 17:14:18,,,,,,,,,,,,,,,,,,,,,,,,
2025-03-06,1.141,1.158,1.133,1.137,234326640.0,266.43,2.23,1.43,0.016,0.0,159570,港股通创新药ETF,2025-09-06 17:14:18,,,,,,,,,,,,,,,,,,,,,,,,
2025-03-05,1.126,1.136,1.111,1.121,163513114.0,183.3,2.24,0.63,0.007,0.0,159570,港股通创新药ETF,2025-09-06 17:14:18,,,,,,,,,,,,,,,,,,,,,,,,
2025-03-04,1.077,1.119,1.077,1.114,307465200.0,342.52,3.79,0.63,0.007,0.0,159570,港股通创新药ETF,2025-09-06 17:14:18,,,,,,,,,,,,,,,,,,,,,,,,
2025-03-03,1.125,1.142,1.1,1.107,215206207.0,238.23,3.75,-1.25,-0.014,0.0,159570,港股通创新药ETF,2025-09-06 17:14:18,,,,,,,,,,,,,,,,,,,,,,,,
2025-02-28,1.169,1.183,1.116,1.121,229717741.0,257.51,5.74,-4.02,-0.047,0.0,159570,港股通创新药ETF,2025-09-06 17:14:18,,,,,,,,,,,,,,,,,,,,,,,,
2025-02-27,1.17,1.191,1.14,1.168,305983700.0,357.39,4.37,0.09,0.001,0.0,159570,港股通创新药ETF,2025-09-06 17:14:18,,,,,,,,,,,,,,,,,,,,,,,,
2025-02-26,1.12,1.167,1.12,1.167,208475306.0,243.29,4.23,5.04,0.056,0.0,159570,港股通创新药ETF,2025-09-06 17:14:18,,,,,,,,,,,,,,,,,,,,,,,,
2025-02-25,1.101,1.14,1.09,1.111,217807136.0,241.98,4.44,-1.24,-0.014,0.0,159570,港股通创新药ETF,2025-09-06 17:14:18,,,,,,,,,,,,,,,,,,,,,,,,
2025-02-24,1.166,1.168,1.119,1.125,313853960.0,353.09,4.25,-2.43,-0.028,0.0,159570,港股通创新药ETF,2025-09-06 17:14:18,,,,,,,,,,,,,,,,,,,,,,,,
2025-02-21,1.109,1.154,1.109,1.153,280574762.0,323.5,4.09,4.72,0.052,0.0,159570,港股通创新药ETF,2025-09-06 17:14:18,,,,,,,,,,,,,,,,,,,,,,,,
2025-02-20,1.082,1.118,1.082,1.101,254595011.0,280.31,3.31,1.29,0.014,0.0,159570,港股通创新药ETF,2025-09-06 17:14:18,,,,,,,,,,,,,,,,,,,,,,,,
2025-02-19,1.054,1.092,1.052,1.087,179706400.0,195.34,3.78,2.84,0.03,0.0,159570,港股通创新药ETF,2025-09-06 17:14:18,,,,,,,,,,,,,,,,,,,,,,,,
2025-02-18,1.051,1.074,1.042,1.057,128233200.0,135.54,3.04,0.28,0.003,0.0,159570,港股通创新药ETF,2025-09-06 17:14:18,,,,,,,,,,,,,,,,,,,,,,,,
2025-02-17,1.035,1.069,1.035,1.054,216905310.0,228.62,3.32,2.83,0.029,0.0,159570,港股通创新药ETF,2025-09-06 17:14:18,,,,,,,,,,,,,,,,,,,,,,,,
2025-02-14,0.998,1.031,0.993,1.025,159410416.0,163.4,3.8,2.4,0.024,0.0,159570,港股通创新药ETF,2025-09-06 17:14:18,,,,,,,,,,,,,,,,,,,,,,,,
2025-02-13,1.0,1.014,0.996,1.001,79578521.0,79.66,1.8,0.1,0.001,0.0,159570,港股通创新药ETF,2025-09-06 17:14:18,,,,,,,,,,,,,,,,,,,,,,,,
2025-02-12,1.001,1.005,0.993,1.0,80886400.0,80.89,1.2,0.0,0.0,0.0,159570,港股通创新药ETF,2025-09-06 17:14:18,,,,,,,,,,,,,,,,,,,,,,,,
2025-02-11,1.016,1.019,0.998,1.0,69056701.0,69.06,2.06,-1.67,-0.017,0.0,159570,港股通创新药ETF,2025-09-06 17:14:18,,,,,,,,,,,,,,,,,,,,,,,,
2025-02-10,1.005,1.024,1.003,1.017,79148089.0,80.49,2.09,1.19,0.012,0.0,159570,港股通创新药ETF,2025-09-06 17:14:18,,,,,,,,,,,,,,,,,,,,,,,,
2025-02-07,0.989,1.01,0.986,1.005,103639302.0,104.16,2.42,1.41,0.014,0.0,159570,港股通创新药ETF,2025-09-06 17:14:18,,,,,,,,,,,,,,,,,,,,,,,,
2025-02-06,0.957,0.994,0.957,0.991,81941100.0,81.2,3.86,3.44,0.033,0.0,159570,港股通创新药ETF,2025-09-06 17:14:18,,,,,,,,,,,,,,,,,,,,,,,,
2025-02-05,0.96,0.967,0.948,0.958,35758199.0,34.26,1.99,0.52,0.005,0.0,159570,港股通创新药ETF,2025-09-06 17:14:18,,,,,,,,,,,,,,,,,,,,,,,,
2025-01-27,0.946,0.954,0.942,0.953,84174108.0,80.22,1.27,1.06,0.01,0.0,159570,港股通创新药ETF,2025-09-06 17:14:18,,,,,,,,,,,,,,,,,,,,,,,,
2025-01-24,0.935,0.954,0.933,0.943,82022748.0,77.35,2.26,1.29,0.012,0.0,159570,港股通创新药ETF,2025-09-06 17:14:18,,,,,,,,,,,,,,,,,,,,,,,,
2025-01-23,0.946,0.952,0.93,0.931,43172306.0,40.19,2.34,-0.85,-0.008,0.0,159570,港股通创新药ETF,2025-09-06 17:14:18,,,,,,,,,,,,,,,,,,,,,,,,
2025-01-22,0.933,0.941,0.933,0.939,48053300.0,45.12,0.85,0.32,0.003,0.0,159570,港股通创新药ETF,2025-09-06 17:14:18,,,,,,,,,,,,,,,,,,,,,,,,
2025-01-21,0.944,0.949,0.932,0.936,50095502.0,46.89,1.8,-0.74,-0.007,0.0,159570,港股通创新药ETF,2025-09-06 17:14:18,,,,,,,,,,,,,,,,,,,,,,,,
2025-01-20,0.936,0.958,0.935,0.943,75278000.0,70.99,2.48,1.62,0.015,0.0,159570,港股通创新药ETF,2025-09-06 17:14:18,,,,,,,,,,,,,,,,,,,,,,,,
2025-01-17,0.908,0.935,0.908,0.928,92817100.0,86.13,2.98,2.43,0.022,0.0,159570,港股通创新药ETF,2025-09-06 17:14:18,,,,,,,,,,,,,,,,,,,,,,,,
2025-01-16,0.916,0.928,0.898,0.906,52748500.0,47.79,3.29,-0.55,-0.005,0.0,159570,港股通创新药ETF,2025-09-06 17:14:18,,,,,,,,,,,,,,,,,,,,,,,,
2025-01-15,0.92,0.92,0.909,0.911,18547500.0,16.9,1.2,-0.98,-0.009,0.0,159570,港股通创新药ETF,2025-09-06 17:14:18,,,,,,,,,,,,,,,,,,,,,,,,
2025-01-14,0.899,0.923,0.899,0.92,46596200.0,42.87,2.68,2.79,0.025,0.0,159570,港股通创新药ETF,2025-09-06 17:14:18,,,,,,,,,,,,,,,,,,,,,,,,
2025-01-13,0.899,0.902,0.892,0.895,27487800.0,24.6,1.1,-1.1,-0.01,0.0,159570,港股通创新药ETF,2025-09-06 17:14:18,,,,,,,,,,,,,,,,,,,,,,,,
2025-01-10,0.919,0.923,0.904,0.905,33335800.0,30.17,2.07,-1.31,-0.012,0.0,159570,港股通创新药ETF,2025-09-06 17:14:18,,,,,,,,,,,,,,,,,,,,,,,,
2025-01-09,0.908,0.922,0.908,0.917,44146500.0,40.48,1.54,0.99,0.009,0.0,159570,港股通创新药ETF,2025-09-06 17:14:18,,,,,,,,,,,,,,,,,,,,,,,,
2025-01-08,0.921,0.923,0.901,0.908,33276300.0,30.21,2.39,-1.52,-0.014,0.0,159570,港股通创新药ETF,2025-09-06 17:14:18,,,,,,,,,,,,,,,,,,,,,,,,
2025-01-07,0.93,0.936,0.912,0.922,46117500.0,42.52,2.57,-1.28,-0.012,0.0,159570,港股通创新药ETF,2025-09-06 17:14:18,,,,,,,,,,,,,,,,,,,,,,,,
2025-01-06,0.94,0.95,0.929,0.934,57139300.0,53.37,2.25,0.0,0.0,0.0,159570,港股通创新药ETF,2025-09-06 17:14:18,,,,,,,,,,,,,,,,,,,,,,,,
2025-01-03,0.946,0.954,0.932,0.934,65696000.0,61.36,2.33,-0.95,-0.009,0.0,159570,港股通创新药ETF,2025-09-06 17:14:18,,,,,,,,,,,,,,,,,,,,,,,,
2025-01-02,0.963,0.965,0.94,0.943,38676800.0,36.47,2.6,-1.87,-0.018,0.0,159570,港股通创新药ETF,2025-09-06 17:14:18,,,,,,,,,,,,,,,,,,,,,,,,
2024-12-31,0.962,0.969,0.96,0.961,37833497.0,36.36,0.93,-0.52,-0.005,0.0,159570,港股通创新药ETF,2025-09-06 17:14:18,,,,,,,,,,,,,,,,,,,,,,,,
2024-12-30,0.955,0.98,0.955,0.966,78895712.0,76.21,2.61,0.73,0.007,0.0,159570,港股通创新药ETF,2025-09-06 17:14:18,,,,,,,,,,,,,,,,,,,,,,,,
2024-12-27,0.961,0.965,0.953,0.959,37934615.0,36.38,1.25,-0.42,-0.004,0.0,159570,港股通创新药ETF,2025-09-06 17:14:18,,,,,,,,,,,,,,,,,,,,,,,,
2024-12-26,0.96,0.965,0.96,0.963,10862100.0,10.46,0.52,0.0,0.0,0.0,159570,港股通创新药ETF,2025-09-06 17:14:18,,,,,,,,,,,,,,,,,,,,,,,,
2024-12-25,0.968,0.971,0.96,0.963,12184500.0,11.73,1.14,-0.21,-0.002,0.0,159570,港股通创新药ETF,2025-09-06 17:14:18,,,,,,,,,,,,,,,,,,,,,,,,
2024-12-24,0.953,0.965,0.952,0.965,46178100.0,44.56,1.36,1.26,0.012,0.0,159570,港股通创新药ETF,2025-09-06 17:14:18,,,,,,,,,,,,,,,,,,,,,,,,
2024-12-23,0.959,0.962,0.948,0.953,39084800.0,37.25,1.46,-0.31,-0.003,0.0,159570,港股通创新药ETF,2025-09-06 17:14:18,,,,,,,,,,,,,,,,,,,,,,,,
2024-12-20,0.961,0.966,0.952,0.956,65781906.0,62.89,1.45,-0.83,-0.008,0.0,159570,港股通创新药ETF,2025-09-06 17:14:18,,,,,,,,,,,,,,,,,,,,,,,,
2024-12-19,0.961,0.968,0.955,0.964,39599900.0,38.17,1.34,-0.31,-0.003,0.0,159570,港股通创新药ETF,2025-09-06 17:14:18,,,,,,,,,,,,,,,,,,,,,,,,
2024-12-18,0.963,0.968,0.961,0.967,59891200.0,57.91,0.73,0.94,0.009,0.0,159570,港股通创新药ETF,2025-09-06 17:14:18,,,,,,,,,,,,,,,,,,,,,,,,
2024-12-17,0.958,0.966,0.953,0.958,57165103.0,54.76,1.36,0.1,0.001,0.0,159570,港股通创新药ETF,2025-09-06 17:14:18,,,,,,,,,,,,,,,,,,,,,,,,
2024-12-16,0.983,0.983,0.953,0.957,56295100.0,53.87,3.05,-2.55,-0.025,0.0,159570,港股通创新药ETF,2025-09-06 17:14:18,,,,,,,,,,,,,,,,,,,,,,,,
2024-12-13,1.005,1.005,0.978,0.982,61682400.0,60.57,2.68,-2.68,-0.027,0.0,159570,港股通创新药ETF,2025-09-06 17:14:18,,,,,,,,,,,,,,,,,,,,,,,,
2024-12-12,1.003,1.01,0.997,1.009,46127003.0,46.54,1.3,0.6,0.006,0.0,159570,港股通创新药ETF,2025-09-06 17:14:18,,,,,,,,,,,,,,,,,,,,,,,,
2024-12-11,1.01,1.016,1.0,1.003,45388903.0,45.53,1.58,-0.89,-0.009,0.0,159570,港股通创新药ETF,2025-09-06 17:14:18,,,,,,,,,,,,,,,,,,,,,,,,
2024-12-10,1.055,1.062,1.009,1.012,73882201.0,74.77,5.21,-0.59,-0.006,0.0,159570,港股通创新药ETF,2025-09-06 17:14:18,,,,,,,,,,,,,,,,,,,,,,,,
2024-12-09,1.032,1.033,1.016,1.018,69248300.0,70.49,1.69,0.99,0.01,0.0,159570,港股通创新药ETF,2025-09-06 17:14:18,,,,,,,,,,,,,,,,,,,,,,,,
2024-12-06,0.992,1.013,0.989,1.008,53003809.0,53.43,2.42,1.82,0.018,0.0,159570,港股通创新药ETF,2025-09-06 17:14:18,,,,,,,,,,,,,,,,,,,,,,,,
2024-12-05,0.996,1.004,0.987,0.99,31383700.0,31.07,1.69,-1.49,-0.015,0.0,159570,港股通创新药ETF,2025-09-06 17:14:18,,,,,,,,,,,,,,,,,,,,,,,,
2024-12-04,1.01,1.014,1.003,1.005,42875100.0,43.09,1.09,-0.4,-0.004,0.0,159570,港股通创新药ETF,2025-09-06 17:14:18,,,,,,,,,,,,,,,,,,,,,,,,
2024-12-03,0.996,1.017,0.996,1.009,110076628.0,111.07,2.11,1.31,0.013,0.0,159570,港股通创新药ETF,2025-09-06 17:14:18,,,,,,,,,,,,,,,,,,,,,,,,
2024-12-02,0.995,1.0,0.986,0.996,39336900.0,39.18,1.42,0.91,0.009,0.0,159570,港股通创新药ETF,2025-09-06 17:14:18,,,,,,,,,,,,,,,,,,,,,,,,
2024-11-29,0.983,1.0,0.983,0.987,61780600.0,60.98,1.73,0.41,0.004,0.0,159570,港股通创新药ETF,2025-09-06 17:14:18,,,,,,,,,,,,,,,,,,,,,,,,
2024-11-28,0.992,1.001,0.982,0.983,62601600.0,61.54,1.92,-0.51,-0.005,0.0,159570,港股通创新药ETF,2025-09-06 17:14:18,,,,,,,,,,,,,,,,,,,,,,,,
2024-11-27,0.966,0.988,0.966,0.988,56308900.0,55.63,2.27,1.96,0.019,0.0,159570,港股通创新药ETF,2025-09-06 17:14:18,,,,,,,,,,,,,,,,,,,,,,,,
2024-11-26,0.962,0.974,0.962,0.969,40952000.0,39.68,1.25,0.73,0.007,0.0,159570,港股通创新药ETF,2025-09-06 17:14:18,,,,,,,,,,,,,,,,,,,,,,,,
2024-11-25,0.95,0.965,0.95,0.962,57177643.0,55.0,1.59,1.8,0.017,0.0,159570,港股通创新药ETF,2025-09-06 17:14:18,,,,,,,,,,,,,,,,,,,,,,,,
2024-11-22,0.983,0.983,0.945,0.945,44626341.0,42.17,3.87,-3.87,-0.038,0.0,159570,港股通创新药ETF,2025-09-06 17:14:18,,,,,,,,,,,,,,,,,,,,,,,,
2024-11-21,0.976,0.999,0.976,0.983,80660069.0,79.29,2.35,0.61,0.006,0.0,159570,港股通创新药ETF,2025-09-06 17:14:18,,,,,,,,,,,,,,,,,,,,,,,,
2024-11-20,0.946,0.983,0.945,0.977,73709912.0,72.01,4.0,2.84,0.027,0.0,159570,港股通创新药ETF,2025-09-06 17:14:18,,,,,,,,,,,,,,,,,,,,,,,,
2024-11-19,0.949,0.952,0.939,0.95,43074800.0,40.92,1.38,0.64,0.006,0.0,159570,港股通创新药ETF,2025-09-06 17:14:18,,,,,,,,,,,,,,,,,,,,,,,,
2024-11-18,0.964,0.968,0.941,0.944,52097968.0,49.18,2.8,-2.07,-0.02,0.0,159570,港股通创新药ETF,2025-09-06 17:14:18,,,,,,,,,,,,,,,,,,,,,,,,
2024-11-15,0.969,0.982,0.961,0.964,72730101.0,70.11,2.17,-0.31,-0.003,0.0,159570,港股通创新药ETF,2025-09-06 17:14:18,,,,,,,,,,,,,,,,,,,,,,,,
2024-11-14,0.977,0.987,0.967,0.967,56744700.0,54.87,2.04,-1.53,-0.015,0.0,159570,港股通创新药ETF,2025-09-06 17:14:18,,,,,,,,,,,,,,,,,,,,,,,,
2024-11-13,0.998,1.005,0.975,0.982,68350411.0,67.12,3.0,-1.7,-0.017,0.0,159570,港股通创新药ETF,2025-09-06 17:14:18,,,,,,,,,,,,,,,,,,,,,,,,
2024-11-12,1.003,1.041,0.995,0.999,171924001.0,171.75,4.57,-0.79,-0.008,0.0,159570,港股通创新药ETF,2025-09-06 17:14:18,,,,,,,,,,,,,,,,,,,,,,,,
2024-11-11,1.003,1.009,0.993,1.007,93145400.0,93.8,1.58,-0.69,-0.007,0.0,159570,港股通创新药ETF,2025-09-06 17:14:18,,,,,,,,,,,,,,,,,,,,,,,,
2024-11-08,1.019,1.037,1.008,1.014,114628900.0,116.23,2.88,0.7,0.007,0.0,159570,港股通创新药ETF,2025-09-06 17:14:18,,,,,,,,,,,,,,,,,,,,,,,,
2024-11-07,0.991,1.007,0.988,1.007,96859700.0,97.54,1.9,0.8,0.008,0.0,159570,港股通创新药ETF,2025-09-06 17:14:18,,,,,,,,,,,,,,,,,,,,,,,,
2024-11-06,1.005,1.017,0.997,0.999,96789300.0,96.69,1.99,-0.7,-0.007,0.0,159570,港股通创新药ETF,2025-09-06 17:14:18,,,,,,,,,,,,,,,,,,,,,,,,
2024-11-05,0.997,1.008,0.99,1.006,157479054.0,158.42,1.81,0.9,0.009,0.0,159570,港股通创新药ETF,2025-09-06 17:14:18,,,,,,,,,,,,,,,,,,,,,,,,
2024-11-04,0.987,1.009,0.987,0.997,89990276.0,89.72,2.25,2.15,0.021,0.0,159570,港股通创新药ETF,2025-09-06 17:14:18,,,,,,,,,,,,,,,,,,,,,,,,
2024-11-01,0.976,0.982,0.964,0.976,100333403.0,97.93,1.84,-0.2,-0.002,0.0,159570,港股通创新药ETF,2025-09-06 17:14:18,,,,,,,,,,,,,,,,,,,,,,,,
2024-10-31,0.997,1.002,0.978,0.978,90029811.0,88.05,2.42,-1.51,-0.015,0.0,159570,港股通创新药ETF,2025-09-06 17:14:18,,,,,,,,,,,,,,,,,,,,,,,,
2024-10-30,1.015,1.03,0.988,0.993,119038318.0,118.21,4.09,-3.31,-0.034,0.0,159570,港股通创新药ETF,2025-09-06 17:14:18,,,,,,,,,,,,,,,,,,,,,,,,
2024-10-29,1.051,1.058,1.026,1.027,63077282.0,64.78,3.07,-1.63,-0.017,0.0,159570,港股通创新药ETF,2025-09-06 17:14:18,,,,,,,,,,,,,,,,,,,,,,,,
2024-10-28,1.045,1.057,1.039,1.044,74532868.0,77.81,1.71,-0.76,-0.008,0.0,159570,港股通创新药ETF,2025-09-06 17:14:18,,,,,,,,,,,,,,,,,,,,,,,,
2024-10-25,1.034,1.058,1.032,1.052,83208317.0,87.54,2.51,1.64,0.017,0.0,159570,港股通创新药ETF,2025-09-06 17:14:18,,,,,,,,,,,,,,,,,,,,,,,,
2024-10-24,1.049,1.052,1.027,1.035,64047601.0,66.29,2.38,-1.52,-0.016,0.0,159570,港股通创新药ETF,2025-09-06 17:14:18,,,,,,,,,,,,,,,,,,,,,,,,
2024-10-23,1.043,1.06,1.038,1.051,84647303.0,88.96,2.12,1.25,0.013,0.0,159570,港股通创新药ETF,2025-09-06 17:14:18,,,,,,,,,,,,,,,,,,,,,,,,
2024-10-22,1.04,1.053,1.032,1.038,81822621.0,84.93,2.02,-0.19,-0.002,0.0,159570,港股通创新药ETF,2025-09-06 17:14:18,,,,,,,,,,,,,,,,,,,,,,,,
2024-10-21,1.049,1.056,1.037,1.04,116574600.0,121.24,1.81,-1.05,-0.011,0.0,159570,港股通创新药ETF,2025-09-06 17:14:18,,,,,,,,,,,,,,,,,,,,,,,,
2024-10-18,1.01,1.061,1.003,1.051,166941059.0,175.46,5.73,3.75,0.038,0.0,159570,港股通创新药ETF,2025-09-06 17:14:18,,,,,,,,,,,,,,,,,,,,,,,,
2024-10-17,1.012,1.034,1.01,1.013,87756041.0,88.9,2.39,0.8,0.008,0.0,159570,港股通创新药ETF,2025-09-06 17:14:18,,,,,,,,,,,,,,,,,,,,,,,,
2024-10-16,0.994,1.018,0.994,1.005,126962500.0,127.6,2.39,-0.1,-0.001,0.0,159570,港股通创新药ETF,2025-09-06 17:14:18,,,,,,,,,,,,,,,,,,,,,,,,
2024-10-15,1.035,1.044,1.006,1.006,102601801.0,103.22,3.65,-3.27,-0.034,0.0,159570,港股通创新药ETF,2025-09-06 17:14:18,,,,,,,,,,,,,,,,,,,,,,,,
2024-10-14,1.04,1.053,1.008,1.04,121762200.0,126.63,4.36,0.78,0.008,0.0,159570,港股通创新药ETF,2025-09-06 17:14:18,,,,,,,,,,,,,,,,,,,,,,,,
2024-10-11,1.06,1.076,1.025,1.032,49388625.0,50.97,4.74,-4.18,-0.045,0.0,159570,港股通创新药ETF,2025-09-06 17:14:18,,,,,,,,,,,,,,,,,,,,,,,,
2024-10-10,1.063,1.096,1.062,1.077,147504951.0,158.86,3.28,3.76,0.039,0.0,159570,港股通创新药ETF,2025-09-06 17:14:18,,,,,,,,,,,,,,,,,,,,,,,,
2024-10-09,1.11,1.121,1.023,1.038,230806215.0,239.58,8.81,-6.65,-0.074,0.0,159570,港股通创新药ETF,2025-09-06 17:14:18,,,,,,,,,,,,,,,,,,,,,,,,
2024-10-08,1.197,1.197,1.057,1.112,175859670.0,195.56,12.87,2.21,0.024,0.0,159570,港股通创新药ETF,2025-09-06 17:14:18,,,,,,,,,,,,,,,,,,,,,,,,
2024-09-30,1.042,1.097,1.01,1.088,172222645.0,187.38,8.73,9.13,0.091,0.0,159570,港股通创新药ETF,2025-09-06 17:14:18,,,,,,,,,,,,,,,,,,,,,,,,
2024-09-27,0.942,1.015,0.942,0.997,128195318.0,127.81,7.87,7.44,0.069,0.0,159570,港股通创新药ETF,2025-09-06 17:14:18,,,,,,,,,,,,,,,,,,,,,,,,
2024-09-26,0.902,0.931,0.9,0.928,98765306.0,91.65,3.43,2.77,0.025,0.0,159570,港股通创新药ETF,2025-09-06 17:14:18,,,,,,,,,,,,,,,,,,,,,,,,
2024-09-25,0.915,0.92,0.901,0.903,120210043.0,108.55,2.12,0.56,0.005,0.0,159570,港股通创新药ETF,2025-09-06 17:14:18,,,,,,,,,,,,,,,,,,,,,,,,
2024-09-24,0.9,0.903,0.877,0.898,84815304.0,76.16,2.92,0.79,0.007,0.0,159570,港股通创新药ETF,2025-09-06 17:14:18,,,,,,,,,,,,,,,,,,,,,,,,
2024-09-23,0.908,0.92,0.89,0.891,82553218.0,73.55,3.36,-0.22,-0.002,0.0,159570,港股通创新药ETF,2025-09-06 17:14:18,,,,,,,,,,,,,,,,,,,,,,,,
2024-09-20,0.887,0.904,0.884,0.893,69004802.0,61.62,2.27,1.13,0.01,0.0,159570,港股通创新药ETF,2025-09-06 17:14:18,,,,,,,,,,,,,,,,,,,,,,,,
2024-09-19,0.887,0.895,0.876,0.883,88713200.0,78.33,2.15,-0.11,-0.001,0.0,159570,港股通创新药ETF,2025-09-06 17:14:18,,,,,,,,,,,,,,,,,,,,,,,,
2024-09-18,0.893,0.894,0.878,0.884,35096601.0,31.03,1.82,0.45,0.004,0.0,159570,港股通创新药ETF,2025-09-06 17:14:18,,,,,,,,,,,,,,,,,,,,,,,,
2024-09-13,0.869,0.89,0.864,0.88,78590696.0,69.16,3.03,2.44,0.021,0.0,159570,港股通创新药ETF,2025-09-06 17:14:18,,,,,,,,,,,,,,,,,,,,,,,,
2024-09-12,0.862,0.884,0.858,0.859,58397300.0,50.16,3.02,-0.12,-0.001,0.0,159570,港股通创新药ETF,2025-09-06 17:14:18,,,,,,,,,,,,,,,,,,,,,,,,
2024-09-11,0.841,0.861,0.841,0.86,51840945.0,44.58,2.38,2.26,0.019,0.0,159570,港股通创新药ETF,2025-09-06 17:14:18,,,,,,,,,,,,,,,,,,,,,,,,
2024-09-10,0.847,0.853,0.834,0.841,42799048.0,35.99,2.26,0.0,0.0,0.0,159570,港股通创新药ETF,2025-09-06 17:14:18,,,,,,,,,,,,,,,,,,,,,,,,
2024-09-09,0.842,0.85,0.837,0.841,29785000.0,25.05,1.55,0.48,0.004,0.0,159570,港股通创新药ETF,2025-09-06 17:14:18,,,,,,,,,,,,,,,,,,,,,,,,
2024-09-06,0.847,0.851,0.836,0.837,19301300.0,16.16,0.0,0.0,0.0,0.0,159570,港股通创新药ETF,2025-09-06 17:14:18,,,,,,,,,,,,,,,,,,,,,,,,
