日期,开盘,最高,最低,收盘,成交量,成交额,振幅,涨跌幅,涨跌额,换手率,ETF代码,ETF名称,爬取时间,折溢价率,IOPV,前收盘,量比,委比,外盘,内盘,主力净流入-净额,主力净流入-净占比,超大单净流入-净额,超大单净流入-净占比,大单净流入-净额,大单净流入-净占比,中单净流入-净额,中单净流入-净占比,小单净流入-净额,小单净流入-净占比,现手,买一,卖一,最新份额,流通市值,总市值,更新时间
2025-09-22,1.047,1.056,1.038,1.045,2780099304.0,29052037.73,1.72,-0.19,-0.002,,159792,港股通互联网ETF,2025-09-22 21:52:51,,,,,,,,,,,,,,,,,,,,,,,,
2025-09-19,1.05,1.064,1.038,1.049,4056428448.0,42551934.42,2.5,0.87,0.009,,159792,港股通互联网ETF,2025-09-19 18:14:22,,,,,,,,,,,,,,,,,,,,,,,,
2025-09-18,1.064,1.076,1.03,1.04,5829656102.0,60628423.46,4.32,-2.35,-0.025,,159792,港股通互联网ETF,2025-09-19 18:14:22,,,,,,,,,,,,,,,,,,,,,,,,
2025-09-17,1.032,1.066,1.031,1.065,4296518182.0,45757918.64,3.39,3.2,0.033,,159792,港股通互联网ETF,2025-09-19 18:14:22,,,,,,,,,,,,,,,,,,,,,,,,
2025-09-16,1.03,1.038,1.018,1.027,2852575267.0,29295947.99,1.94,-0.29,-0.003,,159792,港股通互联网ETF,2025-09-18 22:22:51,,,,,,,,,,,,,,,,,,,,,,,,
2025-09-12,1.028,1.037,1.021,1.023,352454.73,3624014415.438,1.58,1.19,0.012,4.29,159792,港股通互联网ETF,2025-09-12 22:21:36,-0.23,1.0207,1.011,1.06,-36.34,18210116.0,17035357.0,-91693712.0,-2.53,-346244384.0,-9.55,254550672.0,7.02,72265986.0,1.99,19427733.0,0.54,-127269.0,1.023,1.024,82102853632.0,83991219266.0,83991219266.0,2025-09-12 15:34:48+08:00
2025-09-11,0.995,1.012,0.989,1.011,3511515923.0,35501425.98,0.0,0.0,0.0,0.0,159792,港股通互联网ETF,2025-09-11 22:22:15,0.0,,,,,,,,,,,,,,,,,,,,,,,
2025-09-10,1.0,1.022,1.0,1.006,3826324298.0,38492822.44,0.0,0.0,0.0,0.0,159792,港股通互联网ETF,2025-09-10 22:21:27,0.0,,,,,,,,,,,,,,,,,,,,,,,
2025-09-09,0.981,0.995,0.978,0.991,3476816439.0,34455250.91,0.0,0.0,0.0,0.0,159792,港股通互联网ETF,2025-09-09 18:27:56,,,,,,,,,,,,,,,,,,,,,,,,
2025-09-08,0.971,0.981,0.964,0.977,2789834526.0,27256683.32,0.0,0.0,0.0,0.0,159792,港股通互联网ETF,2025-09-08 18:27:51,,,,,,,,,,,,,,,,,,,,,,,,
2025-09-05,0.956,0.971,0.95,0.97,3044493019.0,2953.16,2.2,1.78,0.017,0.0,159792,港股通互联网ETF,2025-09-06 17:14:18,,,,,,,,,,,,,,,,,,,,,,,,
2025-09-04,0.974,0.975,0.948,0.953,2578552694.0,2457.36,2.79,-1.45,-0.014,0.0,159792,港股通互联网ETF,2025-09-06 17:14:18,,,,,,,,,,,,,,,,,,,,,,,,
2025-09-03,0.976,0.983,0.964,0.967,2803690405.0,2711.17,1.95,-0.51,-0.005,0.0,159792,港股通互联网ETF,2025-09-06 17:14:18,,,,,,,,,,,,,,,,,,,,,,,,
2025-09-02,0.983,0.984,0.964,0.972,2570081171.0,2498.12,2.04,-0.72,-0.007,0.0,159792,港股通互联网ETF,2025-09-06 17:14:18,,,,,,,,,,,,,,,,,,,,,,,,
2025-09-01,0.991,1.0,0.976,0.979,4849496222.0,4747.66,2.49,1.66,0.016,0.0,159792,港股通互联网ETF,2025-09-06 17:14:18,,,,,,,,,,,,,,,,,,,,,,,,
2025-08-29,0.959,0.965,0.949,0.963,3724499828.0,3586.69,1.67,0.52,0.005,0.0,159792,港股通互联网ETF,2025-09-06 17:14:18,,,,,,,,,,,,,,,,,,,,,,,,
2025-08-28,0.965,0.968,0.943,0.958,4607012019.0,4413.52,2.57,-1.64,-0.016,0.0,159792,港股通互联网ETF,2025-09-06 17:14:18,,,,,,,,,,,,,,,,,,,,,,,,
2025-08-27,0.993,1.006,0.973,0.974,3225187627.0,3141.33,3.34,-1.52,-0.015,0.0,159792,港股通互联网ETF,2025-09-06 17:14:18,,,,,,,,,,,,,,,,,,,,,,,,
2025-08-26,0.987,0.998,0.987,0.989,2852856152.0,2821.47,1.1,-1.1,-0.011,0.0,159792,港股通互联网ETF,2025-09-06 17:14:18,,,,,,,,,,,,,,,,,,,,,,,,
2025-08-25,0.986,1.002,0.979,1.0,4407409281.0,4407.41,2.39,3.84,0.037,0.0,159792,港股通互联网ETF,2025-09-06 17:14:18,,,,,,,,,,,,,,,,,,,,,,,,
2025-08-22,0.96,0.968,0.955,0.963,3191793276.0,3073.7,1.37,1.16,0.011,0.0,159792,港股通互联网ETF,2025-09-06 17:14:18,,,,,,,,,,,,,,,,,,,,,,,,
2025-08-21,0.966,0.966,0.95,0.952,2321242173.0,2209.82,1.66,-1.45,-0.014,0.0,159792,港股通互联网ETF,2025-09-06 17:14:18,,,,,,,,,,,,,,,,,,,,,,,,
2025-08-20,0.96,0.967,0.948,0.966,3229658699.0,3119.85,1.95,-1.02,-0.01,0.0,159792,港股通互联网ETF,2025-09-06 17:14:18,,,,,,,,,,,,,,,,,,,,,,,,
2025-08-19,0.978,0.986,0.968,0.976,3240635077.0,3162.86,1.84,-0.41,-0.004,0.0,159792,港股通互联网ETF,2025-09-06 17:14:18,,,,,,,,,,,,,,,,,,,,,,,,
2025-08-18,0.963,0.986,0.959,0.98,2472898525.0,2423.44,2.82,2.3,0.022,0.0,159792,港股通互联网ETF,2025-09-06 17:14:18,,,,,,,,,,,,,,,,,,,,,,,,
2025-08-15,0.945,0.962,0.945,0.958,2780032064.0,2663.27,1.78,0.52,0.005,0.0,159792,港股通互联网ETF,2025-09-06 17:14:18,,,,,,,,,,,,,,,,,,,,,,,,
2025-08-14,0.962,0.972,0.947,0.953,3436326833.0,3274.82,2.63,0.11,0.001,0.0,159792,港股通互联网ETF,2025-09-06 17:14:18,,,,,,,,,,,,,,,,,,,,,,,,
2025-08-13,0.929,0.954,0.928,0.952,3579640875.0,3407.82,2.84,4.16,0.038,0.0,159792,港股通互联网ETF,2025-09-06 17:14:18,,,,,,,,,,,,,,,,,,,,,,,,
2025-08-12,0.922,0.924,0.913,0.914,2649713422.0,2421.84,1.19,-1.08,-0.01,0.0,159792,港股通互联网ETF,2025-09-06 17:14:18,,,,,,,,,,,,,,,,,,,,,,,,
2025-08-11,0.929,0.93,0.919,0.924,2315572443.0,2139.59,1.19,0.11,0.001,0.0,159792,港股通互联网ETF,2025-09-06 17:14:18,,,,,,,,,,,,,,,,,,,,,,,,
2025-08-08,0.931,0.934,0.923,0.923,1507075562.0,1391.03,1.18,-1.28,-0.012,0.0,159792,港股通互联网ETF,2025-09-06 17:14:18,,,,,,,,,,,,,,,,,,,,,,,,
2025-08-07,0.94,0.944,0.928,0.935,2414191202.0,2257.27,1.71,-0.32,-0.003,0.0,159792,港股通互联网ETF,2025-09-06 17:14:18,,,,,,,,,,,,,,,,,,,,,,,,
2025-08-06,0.932,0.944,0.93,0.938,2646490940.0,2482.41,1.5,0.32,0.003,0.0,159792,港股通互联网ETF,2025-09-06 17:14:18,,,,,,,,,,,,,,,,,,,,,,,,
2025-08-05,0.93,0.938,0.924,0.935,2571825100.0,2404.66,1.51,0.54,0.005,0.0,159792,港股通互联网ETF,2025-09-06 17:14:18,,,,,,,,,,,,,,,,,,,,,,,,
2025-08-04,0.91,0.93,0.905,0.93,2979002087.0,2770.47,2.71,0.76,0.007,0.0,159792,港股通互联网ETF,2025-09-06 17:14:18,,,,,,,,,,,,,,,,,,,,,,,,
2025-08-01,0.929,0.934,0.915,0.923,2861098259.0,2640.79,2.05,-0.32,-0.003,0.0,159792,港股通互联网ETF,2025-09-06 17:14:18,,,,,,,,,,,,,,,,,,,,,,,,
2025-07-31,0.922,0.942,0.921,0.926,3228556571.0,2989.64,2.27,-0.11,-0.001,0.0,159792,港股通互联网ETF,2025-09-06 17:14:18,,,,,,,,,,,,,,,,,,,,,,,,
2025-07-30,0.925,0.946,0.921,0.927,3801719529.0,3524.19,2.69,-0.43,-0.004,0.0,159792,港股通互联网ETF,2025-09-06 17:14:18,,,,,,,,,,,,,,,,,,,,,,,,
2025-07-29,0.934,0.935,0.92,0.931,3720065413.0,3463.38,1.6,-0.85,-0.008,0.0,159792,港股通互联网ETF,2025-09-06 17:14:18,,,,,,,,,,,,,,,,,,,,,,,,
2025-07-28,0.945,0.947,0.935,0.939,2212002100.0,2077.07,1.28,0.0,0.0,0.0,159792,港股通互联网ETF,2025-09-06 17:14:18,,,,,,,,,,,,,,,,,,,,,,,,
2025-07-25,0.95,0.953,0.935,0.939,3095112524.0,2906.31,1.88,-1.78,-0.017,0.0,159792,港股通互联网ETF,2025-09-06 17:14:18,,,,,,,,,,,,,,,,,,,,,,,,
2025-07-24,0.947,0.956,0.947,0.956,2923156475.0,2794.54,0.95,0.84,0.008,0.0,159792,港股通互联网ETF,2025-09-06 17:14:18,,,,,,,,,,,,,,,,,,,,,,,,
2025-07-23,0.932,0.952,0.928,0.948,3777761400.0,3581.32,2.59,2.49,0.023,0.0,159792,港股通互联网ETF,2025-09-06 17:14:18,,,,,,,,,,,,,,,,,,,,,,,,
2025-07-22,0.933,0.935,0.921,0.925,3560530393.0,3293.49,1.5,-1.07,-0.01,0.0,159792,港股通互联网ETF,2025-09-06 17:14:18,,,,,,,,,,,,,,,,,,,,,,,,
2025-07-21,0.941,0.944,0.927,0.935,3059761520.0,2860.88,1.83,0.65,0.006,0.0,159792,港股通互联网ETF,2025-09-06 17:14:18,,,,,,,,,,,,,,,,,,,,,,,,
2025-07-18,0.922,0.931,0.921,0.929,2678437000.0,2488.27,1.1,1.98,0.018,0.0,159792,港股通互联网ETF,2025-09-06 17:14:18,,,,,,,,,,,,,,,,,,,,,,,,
2025-07-17,0.908,0.915,0.903,0.911,2332294234.0,2124.72,1.32,0.11,0.001,0.0,159792,港股通互联网ETF,2025-09-06 17:14:18,,,,,,,,,,,,,,,,,,,,,,,,
2025-07-16,0.913,0.927,0.905,0.91,3643656006.0,3315.73,2.44,0.89,0.008,0.0,159792,港股通互联网ETF,2025-09-06 17:14:18,,,,,,,,,,,,,,,,,,,,,,,,
2025-07-15,0.881,0.904,0.878,0.902,3299644439.0,2976.28,2.97,3.2,0.028,0.0,159792,港股通互联网ETF,2025-09-06 17:14:18,,,,,,,,,,,,,,,,,,,,,,,,
2025-07-14,0.869,0.879,0.865,0.874,2102299009.0,1837.41,1.6,-0.11,-0.001,0.0,159792,港股通互联网ETF,2025-09-06 17:14:18,,,,,,,,,,,,,,,,,,,,,,,,
2025-07-11,0.863,0.882,0.863,0.875,2795824807.0,2446.35,2.2,1.27,0.011,0.0,159792,港股通互联网ETF,2025-09-06 17:14:18,,,,,,,,,,,,,,,,,,,,,,,,
2025-07-10,0.859,0.867,0.857,0.864,1958699400.0,1692.32,1.16,0.12,0.001,0.0,159792,港股通互联网ETF,2025-09-06 17:14:18,,,,,,,,,,,,,,,,,,,,,,,,
2025-07-09,0.871,0.875,0.86,0.863,2111269516.0,1822.03,1.72,-1.15,-0.01,0.0,159792,港股通互联网ETF,2025-09-06 17:14:18,,,,,,,,,,,,,,,,,,,,,,,,
2025-07-08,0.857,0.873,0.856,0.873,2028745706.0,1771.1,2.0,2.46,0.021,0.0,159792,港股通互联网ETF,2025-09-06 17:14:18,,,,,,,,,,,,,,,,,,,,,,,,
2025-07-07,0.849,0.856,0.845,0.852,1913976419.0,1630.71,1.29,0.0,0.0,0.0,159792,港股通互联网ETF,2025-09-06 17:14:18,,,,,,,,,,,,,,,,,,,,,,,,
2025-07-04,0.854,0.865,0.841,0.852,3642433500.0,3103.35,2.79,-0.81,-0.007,0.0,159792,港股通互联网ETF,2025-09-06 17:14:18,,,,,,,,,,,,,,,,,,,,,,,,
2025-07-03,0.868,0.869,0.85,0.859,3268422231.0,2807.57,2.18,-1.26,-0.011,0.0,159792,港股通互联网ETF,2025-09-06 17:14:18,,,,,,,,,,,,,,,,,,,,,,,,
2025-07-02,0.888,0.889,0.868,0.87,1893217581.0,1647.1,2.37,-1.69,-0.015,0.0,159792,港股通互联网ETF,2025-09-06 17:14:18,,,,,,,,,,,,,,,,,,,,,,,,
2025-07-01,0.884,0.888,0.882,0.885,1186385468.0,1049.95,0.68,0.0,0.0,0.0,159792,港股通互联网ETF,2025-09-06 17:14:18,,,,,,,,,,,,,,,,,,,,,,,,
2025-06-30,0.882,0.888,0.879,0.885,1807947900.0,1600.03,1.02,0.0,0.0,0.0,159792,港股通互联网ETF,2025-09-06 17:14:18,,,,,,,,,,,,,,,,,,,,,,,,
2025-06-27,0.889,0.894,0.881,0.885,1995408034.0,1765.94,1.48,1.03,0.009,0.0,159792,港股通互联网ETF,2025-09-06 17:14:18,,,,,,,,,,,,,,,,,,,,,,,,
2025-06-26,0.877,0.882,0.869,0.876,2052735649.0,1798.2,1.47,-0.79,-0.007,0.0,159792,港股通互联网ETF,2025-09-06 17:14:18,,,,,,,,,,,,,,,,,,,,,,,,
2025-06-25,0.88,0.884,0.873,0.883,1539167983.0,1359.09,1.26,0.8,0.007,0.0,159792,港股通互联网ETF,2025-09-06 17:14:18,,,,,,,,,,,,,,,,,,,,,,,,
2025-06-24,0.86,0.877,0.86,0.876,2147302298.0,1881.04,1.99,2.58,0.022,0.0,159792,港股通互联网ETF,2025-09-06 17:14:18,,,,,,,,,,,,,,,,,,,,,,,,
2025-06-23,0.84,0.856,0.833,0.854,2109911300.0,1801.86,2.73,1.55,0.013,0.0,159792,港股通互联网ETF,2025-09-06 17:14:18,,,,,,,,,,,,,,,,,,,,,,,,
2025-06-20,0.846,0.848,0.84,0.841,1616842382.0,1359.76,0.95,-0.12,-0.001,0.0,159792,港股通互联网ETF,2025-09-06 17:14:18,,,,,,,,,,,,,,,,,,,,,,,,
2025-06-19,0.863,0.867,0.839,0.842,1989271318.0,1674.97,3.24,-2.66,-0.023,0.0,159792,港股通互联网ETF,2025-09-06 17:14:18,,,,,,,,,,,,,,,,,,,,,,,,
2025-06-18,0.87,0.872,0.858,0.865,1790798100.0,1549.04,1.6,-1.03,-0.009,0.0,159792,港股通互联网ETF,2025-09-06 17:14:18,,,,,,,,,,,,,,,,,,,,,,,,
2025-06-17,0.882,0.887,0.871,0.874,2067319231.0,1806.84,1.83,0.0,0.0,0.0,159792,港股通互联网ETF,2025-09-06 17:14:18,,,,,,,,,,,,,,,,,,,,,,,,
2025-06-16,0.855,0.879,0.854,0.874,2213360158.0,1934.48,2.92,2.22,0.019,0.0,159792,港股通互联网ETF,2025-09-06 17:14:18,,,,,,,,,,,,,,,,,,,,,,,,
2025-06-13,0.869,0.872,0.853,0.855,2140780369.0,1830.37,2.17,-2.4,-0.021,0.0,159792,港股通互联网ETF,2025-09-06 17:14:18,,,,,,,,,,,,,,,,,,,,,,,,
2025-06-12,0.874,0.884,0.872,0.876,1268063568.0,1110.82,1.35,-1.13,-0.01,0.0,159792,港股通互联网ETF,2025-09-06 17:14:18,,,,,,,,,,,,,,,,,,,,,,,,
2025-06-11,0.875,0.888,0.874,0.886,1662464156.0,1472.94,1.61,1.72,0.015,0.0,159792,港股通互联网ETF,2025-09-06 17:14:18,,,,,,,,,,,,,,,,,,,,,,,,
2025-06-10,0.879,0.88,0.862,0.871,1592762882.0,1387.3,2.06,-0.34,-0.003,0.0,159792,港股通互联网ETF,2025-09-06 17:14:18,,,,,,,,,,,,,,,,,,,,,,,,
2025-06-09,0.859,0.88,0.858,0.874,2364824259.0,2066.86,2.58,2.46,0.021,0.0,159792,港股通互联网ETF,2025-09-06 17:14:18,,,,,,,,,,,,,,,,,,,,,,,,
2025-06-06,0.86,0.861,0.847,0.853,1639706511.0,1398.67,1.63,-0.47,-0.004,0.0,159792,港股通互联网ETF,2025-09-06 17:14:18,,,,,,,,,,,,,,,,,,,,,,,,
2025-06-05,0.848,0.859,0.847,0.857,2512645477.0,2153.34,1.43,2.15,0.018,0.0,159792,港股通互联网ETF,2025-09-06 17:14:18,,,,,,,,,,,,,,,,,,,,,,,,
2025-06-04,0.831,0.845,0.831,0.839,1717556421.0,1441.03,1.68,0.72,0.006,0.0,159792,港股通互联网ETF,2025-09-06 17:14:18,,,,,,,,,,,,,,,,,,,,,,,,
2025-06-03,0.833,0.837,0.83,0.833,1108548085.0,923.42,0.84,0.48,0.004,0.0,159792,港股通互联网ETF,2025-09-06 17:14:18,,,,,,,,,,,,,,,,,,,,,,,,
2025-05-30,0.84,0.842,0.824,0.829,1804537194.0,1495.96,2.12,-2.36,-0.02,0.0,159792,港股通互联网ETF,2025-09-06 17:14:18,,,,,,,,,,,,,,,,,,,,,,,,
2025-05-29,0.836,0.854,0.832,0.849,2640459353.0,2241.75,2.64,1.8,0.015,0.0,159792,港股通互联网ETF,2025-09-06 17:14:18,,,,,,,,,,,,,,,,,,,,,,,,
2025-05-28,0.844,0.846,0.831,0.834,1128958400.0,941.55,1.79,-0.48,-0.004,0.0,159792,港股通互联网ETF,2025-09-06 17:14:18,,,,,,,,,,,,,,,,,,,,,,,,
2025-05-27,0.823,0.841,0.823,0.838,2630952177.0,2204.74,2.17,0.84,0.007,0.0,159792,港股通互联网ETF,2025-09-06 17:14:18,,,,,,,,,,,,,,,,,,,,,,,,
2025-05-26,0.839,0.841,0.828,0.831,1521214291.0,1264.13,1.55,-1.07,-0.009,0.0,159792,港股通互联网ETF,2025-09-06 17:14:18,,,,,,,,,,,,,,,,,,,,,,,,
2025-05-23,0.846,0.856,0.84,0.84,2412159818.0,2026.21,1.89,-0.59,-0.005,0.0,159792,港股通互联网ETF,2025-09-06 17:14:18,,,,,,,,,,,,,,,,,,,,,,,,
2025-05-22,0.858,0.859,0.842,0.845,2269165657.0,1917.44,1.98,-1.52,-0.013,0.0,159792,港股通互联网ETF,2025-09-06 17:14:18,,,,,,,,,,,,,,,,,,,,,,,,
2025-05-21,0.859,0.865,0.854,0.858,2247087216.0,1928.0,1.29,0.35,0.003,0.0,159792,港股通互联网ETF,2025-09-06 17:14:18,,,,,,,,,,,,,,,,,,,,,,,,
2025-05-20,0.845,0.858,0.841,0.855,2511506700.0,2147.34,2.02,1.42,0.012,0.0,159792,港股通互联网ETF,2025-09-06 17:14:18,,,,,,,,,,,,,,,,,,,,,,,,
2025-05-19,0.838,0.846,0.822,0.843,2492373955.0,2101.07,2.83,-0.47,-0.004,0.0,159792,港股通互联网ETF,2025-09-06 17:14:18,,,,,,,,,,,,,,,,,,,,,,,,
2025-05-16,0.836,0.849,0.836,0.847,2422792650.0,2052.11,1.53,-0.47,-0.004,0.0,159792,港股通互联网ETF,2025-09-06 17:14:18,,,,,,,,,,,,,,,,,,,,,,,,
2025-05-15,0.86,0.868,0.849,0.851,2389572266.0,2033.53,2.21,-1.05,-0.009,0.0,159792,港股通互联网ETF,2025-09-06 17:14:18,,,,,,,,,,,,,,,,,,,,,,,,
2025-05-14,0.85,0.861,0.847,0.86,3756793095.0,3230.84,1.66,1.9,0.016,0.0,159792,港股通互联网ETF,2025-09-06 17:14:18,,,,,,,,,,,,,,,,,,,,,,,,
2025-05-13,0.862,0.864,0.842,0.844,2902152720.0,2449.42,2.58,-0.94,-0.008,0.0,159792,港股通互联网ETF,2025-09-06 17:14:18,,,,,,,,,,,,,,,,,,,,,,,,
2025-05-12,0.86,0.862,0.843,0.852,2437565876.0,2076.81,2.25,1.07,0.009,0.0,159792,港股通互联网ETF,2025-09-06 17:14:18,,,,,,,,,,,,,,,,,,,,,,,,
2025-05-09,0.853,0.856,0.839,0.843,2699514158.0,2275.69,2.0,-0.94,-0.008,0.0,159792,港股通互联网ETF,2025-09-06 17:14:18,,,,,,,,,,,,,,,,,,,,,,,,
2025-05-08,0.845,0.862,0.843,0.851,2928127011.0,2491.84,2.23,0.0,0.0,0.0,159792,港股通互联网ETF,2025-09-06 17:14:18,,,,,,,,,,,,,,,,,,,,,,,,
2025-05-07,0.88,0.887,0.847,0.851,3718247100.0,3164.23,4.63,-1.39,-0.012,0.0,159792,港股通互联网ETF,2025-09-06 17:14:18,,,,,,,,,,,,,,,,,,,,,,,,
2025-05-06,0.855,0.864,0.847,0.863,2938077363.0,2535.56,2.05,3.85,0.032,0.0,159792,港股通互联网ETF,2025-09-06 17:14:18,,,,,,,,,,,,,,,,,,,,,,,,
2025-04-30,0.813,0.832,0.811,0.831,3314622600.0,2754.45,2.59,2.59,0.021,0.0,159792,港股通互联网ETF,2025-09-06 17:14:18,,,,,,,,,,,,,,,,,,,,,,,,
2025-04-29,0.811,0.824,0.807,0.81,2190229656.0,1774.09,2.09,-0.49,-0.004,0.0,159792,港股通互联网ETF,2025-09-06 17:14:18,,,,,,,,,,,,,,,,,,,,,,,,
2025-04-28,0.811,0.815,0.803,0.814,2034818455.0,1656.34,1.48,0.37,0.003,0.0,159792,港股通互联网ETF,2025-09-06 17:14:18,,,,,,,,,,,,,,,,,,,,,,,,
2025-04-25,0.812,0.826,0.808,0.811,4228513875.0,3429.32,2.24,1.0,0.008,0.0,159792,港股通互联网ETF,2025-09-06 17:14:18,,,,,,,,,,,,,,,,,,,,,,,,
2025-04-24,0.813,0.82,0.799,0.803,3406289616.0,2735.25,2.57,-1.59,-0.013,0.0,159792,港股通互联网ETF,2025-09-06 17:14:18,,,,,,,,,,,,,,,,,,,,,,,,
2025-04-23,0.816,0.82,0.806,0.816,3408628800.0,2781.44,1.78,3.55,0.028,0.0,159792,港股通互联网ETF,2025-09-06 17:14:18,,,,,,,,,,,,,,,,,,,,,,,,
2025-04-22,0.779,0.793,0.768,0.788,3437137773.0,2708.46,3.21,1.29,0.01,0.0,159792,港股通互联网ETF,2025-09-06 17:14:18,,,,,,,,,,,,,,,,,,,,,,,,
2025-04-21,0.769,0.779,0.768,0.778,1007383844.0,783.74,1.43,0.91,0.007,0.0,159792,港股通互联网ETF,2025-09-06 17:14:18,,,,,,,,,,,,,,,,,,,,,,,,
2025-04-18,0.766,0.771,0.766,0.771,489641070.0,377.51,0.65,-0.26,-0.002,0.0,159792,港股通互联网ETF,2025-09-06 17:14:18,,,,,,,,,,,,,,,,,,,,,,,,
2025-04-17,0.764,0.781,0.761,0.773,2773593543.0,2143.99,2.61,0.78,0.006,0.0,159792,港股通互联网ETF,2025-09-06 17:14:18,,,,,,,,,,,,,,,,,,,,,,,,
2025-04-16,0.787,0.789,0.759,0.767,3129945852.0,2400.67,3.77,-3.52,-0.028,0.0,159792,港股通互联网ETF,2025-09-06 17:14:18,,,,,,,,,,,,,,,,,,,,,,,,
2025-04-15,0.808,0.81,0.79,0.795,2307707312.0,1834.63,2.51,-0.25,-0.002,0.0,159792,港股通互联网ETF,2025-09-06 17:14:18,,,,,,,,,,,,,,,,,,,,,,,,
2025-04-14,0.81,0.813,0.797,0.797,2535131662.0,2020.5,2.02,0.38,0.003,0.0,159792,港股通互联网ETF,2025-09-06 17:14:18,,,,,,,,,,,,,,,,,,,,,,,,
2025-04-11,0.781,0.807,0.773,0.794,4863305824.0,3861.46,4.31,0.76,0.006,0.0,159792,港股通互联网ETF,2025-09-06 17:14:18,,,,,,,,,,,,,,,,,,,,,,,,
2025-04-10,0.799,0.818,0.782,0.788,5645715115.0,4448.82,4.74,3.82,0.029,0.0,159792,港股通互联网ETF,2025-09-06 17:14:18,,,,,,,,,,,,,,,,,,,,,,,,
2025-04-09,0.72,0.769,0.712,0.759,5901858027.0,4479.51,7.72,2.85,0.021,0.0,159792,港股通互联网ETF,2025-09-06 17:14:18,,,,,,,,,,,,,,,,,,,,,,,,
2025-04-08,0.755,0.77,0.719,0.738,7855454304.0,5797.33,6.62,-4.16,-0.032,0.0,159792,港股通互联网ETF,2025-09-06 17:14:18,,,,,,,,,,,,,,,,,,,,,,,,
2025-04-07,0.779,0.791,0.77,0.77,3323467457.0,2559.07,2.46,-9.94,-0.085,0.0,159792,港股通互联网ETF,2025-09-06 17:14:18,,,,,,,,,,,,,,,,,,,,,,,,
2025-04-03,0.848,0.863,0.843,0.855,3413985089.0,2918.96,2.31,-1.16,-0.01,0.0,159792,港股通互联网ETF,2025-09-06 17:14:18,,,,,,,,,,,,,,,,,,,,,,,,
2025-04-02,0.862,0.879,0.857,0.865,2372819671.0,2052.49,2.53,-0.35,-0.003,0.0,159792,港股通互联网ETF,2025-09-06 17:14:18,,,,,,,,,,,,,,,,,,,,,,,,
2025-04-01,0.872,0.882,0.861,0.868,3053222999.0,2650.2,2.43,0.58,0.005,0.0,159792,港股通互联网ETF,2025-09-06 17:14:18,,,,,,,,,,,,,,,,,,,,,,,,
2025-03-31,0.872,0.878,0.853,0.863,3634630523.0,3136.69,2.82,-2.6,-0.023,0.0,159792,港股通互联网ETF,2025-09-06 17:14:18,,,,,,,,,,,,,,,,,,,,,,,,
2025-03-28,0.897,0.901,0.875,0.886,2257698638.0,2000.32,2.91,-0.78,-0.007,0.0,159792,港股通互联网ETF,2025-09-06 17:14:18,,,,,,,,,,,,,,,,,,,,,,,,
2025-03-27,0.892,0.904,0.875,0.893,2215123567.0,1978.11,3.27,0.56,0.005,0.0,159792,港股通互联网ETF,2025-09-06 17:14:18,,,,,,,,,,,,,,,,,,,,,,,,
2025-03-26,0.884,0.898,0.883,0.888,2067228697.0,1835.7,1.7,0.68,0.006,0.0,159792,港股通互联网ETF,2025-09-06 17:14:18,,,,,,,,,,,,,,,,,,,,,,,,
2025-03-25,0.896,0.905,0.88,0.882,2638360832.0,2327.03,2.76,-2.65,-0.024,0.0,159792,港股通互联网ETF,2025-09-06 17:14:18,,,,,,,,,,,,,,,,,,,,,,,,
2025-03-24,0.902,0.909,0.896,0.906,2232455038.0,2022.6,1.44,0.11,0.001,0.0,159792,港股通互联网ETF,2025-09-06 17:14:18,,,,,,,,,,,,,,,,,,,,,,,,
2025-03-21,0.921,0.932,0.895,0.905,3410557000.0,3086.55,3.99,-2.48,-0.023,0.0,159792,港股通互联网ETF,2025-09-06 17:14:18,,,,,,,,,,,,,,,,,,,,,,,,
2025-03-20,0.959,0.96,0.927,0.928,3714316800.0,3446.89,3.42,-3.83,-0.037,0.0,159792,港股通互联网ETF,2025-09-06 17:14:18,,,,,,,,,,,,,,,,,,,,,,,,
2025-03-19,0.962,0.97,0.953,0.965,2564071455.0,2474.33,1.76,0.0,0.0,0.0,159792,港股通互联网ETF,2025-09-06 17:14:18,,,,,,,,,,,,,,,,,,,,,,,,
2025-03-18,0.965,0.969,0.955,0.965,2644784112.0,2552.22,1.49,2.55,0.024,0.0,159792,港股通互联网ETF,2025-09-06 17:14:18,,,,,,,,,,,,,,,,,,,,,,,,
2025-03-17,0.944,0.947,0.933,0.941,2223802448.0,2092.6,1.49,0.11,0.001,0.0,159792,港股通互联网ETF,2025-09-06 17:14:18,,,,,,,,,,,,,,,,,,,,,,,,
2025-03-14,0.921,0.945,0.911,0.94,4614621594.0,4337.74,3.75,3.75,0.034,0.0,159792,港股通互联网ETF,2025-09-06 17:14:18,,,,,,,,,,,,,,,,,,,,,,,,
2025-03-13,0.929,0.929,0.897,0.906,3772885218.0,3418.23,3.46,-2.05,-0.019,0.0,159792,港股通互联网ETF,2025-09-06 17:14:18,,,,,,,,,,,,,,,,,,,,,,,,
2025-03-12,0.959,0.96,0.921,0.925,3568507400.0,3300.87,4.17,-1.18,-0.011,0.0,159792,港股通互联网ETF,2025-09-06 17:14:18,,,,,,,,,,,,,,,,,,,,,,,,
2025-03-11,0.916,0.947,0.915,0.936,5647267500.0,5285.84,3.4,-0.64,-0.006,0.0,159792,港股通互联网ETF,2025-09-06 17:14:18,,,,,,,,,,,,,,,,,,,,,,,,
2025-03-10,0.964,0.973,0.931,0.942,5428146200.0,5113.31,4.36,-2.18,-0.021,0.0,159792,港股通互联网ETF,2025-09-06 17:14:18,,,,,,,,,,,,,,,,,,,,,,,,
2025-03-07,0.965,0.994,0.955,0.963,7803689386.0,7514.95,4.02,-0.82,-0.008,0.0,159792,港股通互联网ETF,2025-09-06 17:14:18,,,,,,,,,,,,,,,,,,,,,,,,
2025-03-06,0.949,0.985,0.948,0.971,6101184622.0,5924.25,4.03,5.89,0.054,0.0,159792,港股通互联网ETF,2025-09-06 17:14:18,,,,,,,,,,,,,,,,,,,,,,,,
2025-03-05,0.898,0.918,0.893,0.917,4227648135.0,3876.75,2.82,3.38,0.03,0.0,159792,港股通互联网ETF,2025-09-06 17:14:18,,,,,,,,,,,,,,,,,,,,,,,,
2025-03-04,0.86,0.891,0.855,0.887,4721400314.0,4187.88,4.11,1.26,0.011,0.0,159792,港股通互联网ETF,2025-09-06 17:14:18,,,,,,,,,,,,,,,,,,,,,,,,
2025-03-03,0.883,0.903,0.868,0.876,4356615216.0,3816.39,4.02,0.57,0.005,0.0,159792,港股通互联网ETF,2025-09-06 17:14:18,,,,,,,,,,,,,,,,,,,,,,,,
2025-02-28,0.92,0.921,0.87,0.871,5128183799.0,4466.65,5.52,-5.74,-0.053,0.0,159792,港股通互联网ETF,2025-09-06 17:14:18,,,,,,,,,,,,,,,,,,,,,,,,
2025-02-27,0.947,0.957,0.9,0.924,6236038093.0,5762.1,6.01,-2.53,-0.024,0.0,159792,港股通互联网ETF,2025-09-06 17:14:18,,,,,,,,,,,,,,,,,,,,,,,,
2025-02-26,0.918,0.949,0.918,0.948,3835834246.0,3636.37,3.44,5.1,0.046,0.0,159792,港股通互联网ETF,2025-09-06 17:14:18,,,,,,,,,,,,,,,,,,,,,,,,
2025-02-25,0.894,0.922,0.889,0.902,5157260826.0,4651.85,3.51,-3.94,-0.037,0.0,159792,港股通互联网ETF,2025-09-06 17:14:18,,,,,,,,,,,,,,,,,,,,,,,,
2025-02-24,0.939,0.948,0.917,0.939,4773193970.0,4482.03,3.31,0.21,0.002,0.0,159792,港股通互联网ETF,2025-09-06 17:14:18,,,,,,,,,,,,,,,,,,,,,,,,
2025-02-21,0.91,0.938,0.902,0.937,4331785232.0,4058.88,4.08,6.24,0.055,0.0,159792,港股通互联网ETF,2025-09-06 17:14:18,,,,,,,,,,,,,,,,,,,,,,,,
2025-02-20,0.892,0.901,0.87,0.882,3011428157.0,2656.08,3.42,-2.76,-0.025,0.0,159792,港股通互联网ETF,2025-09-06 17:14:18,,,,,,,,,,,,,,,,,,,,,,,,
2025-02-19,0.898,0.912,0.889,0.907,3877184732.0,3516.61,2.55,0.55,0.005,0.0,159792,港股通互联网ETF,2025-09-06 17:14:18,,,,,,,,,,,,,,,,,,,,,,,,
2025-02-18,0.887,0.925,0.886,0.902,5490673294.0,4952.59,4.41,1.92,0.017,0.0,159792,港股通互联网ETF,2025-09-06 17:14:18,,,,,,,,,,,,,,,,,,,,,,,,
2025-02-17,0.905,0.918,0.863,0.885,7443795220.0,6587.76,6.28,1.03,0.009,0.0,159792,港股通互联网ETF,2025-09-06 17:14:18,,,,,,,,,,,,,,,,,,,,,,,,
2025-02-14,0.833,0.876,0.831,0.876,4644529194.0,4068.61,5.37,4.53,0.038,0.0,159792,港股通互联网ETF,2025-09-06 17:14:18,,,,,,,,,,,,,,,,,,,,,,,,
2025-02-13,0.827,0.865,0.825,0.838,4349505029.0,3644.89,4.89,2.44,0.02,0.0,159792,港股通互联网ETF,2025-09-06 17:14:18,,,,,,,,,,,,,,,,,,,,,,,,
2025-02-12,0.808,0.82,0.798,0.818,3112151700.0,2545.74,2.75,2.25,0.018,0.0,159792,港股通互联网ETF,2025-09-06 17:14:18,,,,,,,,,,,,,,,,,,,,,,,,
2025-02-11,0.822,0.825,0.799,0.8,2418742147.0,1934.99,3.2,-1.6,-0.013,0.0,159792,港股通互联网ETF,2025-09-06 17:14:18,,,,,,,,,,,,,,,,,,,,,,,,
2025-02-10,0.795,0.818,0.794,0.813,2940474746.0,2390.61,3.05,3.44,0.027,0.0,159792,港股通互联网ETF,2025-09-06 17:14:18,,,,,,,,,,,,,,,,,,,,,,,,
2025-02-07,0.769,0.798,0.767,0.786,3449704158.0,2711.47,4.05,2.61,0.02,0.0,159792,港股通互联网ETF,2025-09-06 17:14:18,,,,,,,,,,,,,,,,,,,,,,,,
2025-02-06,0.755,0.766,0.751,0.766,1264899859.0,968.91,1.99,1.86,0.014,0.0,159792,港股通互联网ETF,2025-09-06 17:14:18,,,,,,,,,,,,,,,,,,,,,,,,
2025-02-05,0.754,0.762,0.743,0.752,2533445946.0,1905.15,2.66,5.17,0.037,0.0,159792,港股通互联网ETF,2025-09-06 17:14:18,,,,,,,,,,,,,,,,,,,,,,,,
2025-01-27,0.707,0.718,0.705,0.715,1101906655.0,787.86,1.86,2.14,0.015,0.0,159792,港股通互联网ETF,2025-09-06 17:14:18,,,,,,,,,,,,,,,,,,,,,,,,
2025-01-24,0.683,0.703,0.683,0.7,1298988884.0,909.29,2.94,2.94,0.02,0.0,159792,港股通互联网ETF,2025-09-06 17:14:18,,,,,,,,,,,,,,,,,,,,,,,,
2025-01-23,0.689,0.696,0.678,0.68,1347115500.0,916.04,2.64,-0.29,-0.002,0.0,159792,港股通互联网ETF,2025-09-06 17:14:18,,,,,,,,,,,,,,,,,,,,,,,,
2025-01-22,0.693,0.694,0.681,0.682,1320204773.0,900.38,1.86,-2.29,-0.016,0.0,159792,港股通互联网ETF,2025-09-06 17:14:18,,,,,,,,,,,,,,,,,,,,,,,,
2025-01-21,0.702,0.706,0.695,0.698,1643698536.0,1147.3,1.58,0.14,0.001,0.0,159792,港股通互联网ETF,2025-09-06 17:14:18,,,,,,,,,,,,,,,,,,,,,,,,
2025-01-20,0.693,0.706,0.693,0.697,1519449558.0,1059.06,1.9,2.05,0.014,0.0,159792,港股通互联网ETF,2025-09-06 17:14:18,,,,,,,,,,,,,,,,,,,,,,,,
2025-01-17,0.678,0.686,0.676,0.683,963259796.0,657.91,1.47,0.44,0.003,0.0,159792,港股通互联网ETF,2025-09-06 17:14:18,,,,,,,,,,,,,,,,,,,,,,,,
2025-01-16,0.676,0.689,0.67,0.68,1723575808.0,1172.03,2.84,1.49,0.01,0.0,159792,港股通互联网ETF,2025-09-06 17:14:18,,,,,,,,,,,,,,,,,,,,,,,,
2025-01-15,0.67,0.677,0.667,0.67,833612300.0,558.52,1.48,-0.59,-0.004,0.0,159792,港股通互联网ETF,2025-09-06 17:14:18,,,,,,,,,,,,,,,,,,,,,,,,
2025-01-14,0.653,0.679,0.653,0.674,1288532500.0,868.47,3.99,3.37,0.022,0.0,159792,港股通互联网ETF,2025-09-06 17:14:18,,,,,,,,,,,,,,,,,,,,,,,,
2025-01-13,0.649,0.654,0.643,0.652,1032687158.0,673.31,1.68,-0.61,-0.004,0.0,159792,港股通互联网ETF,2025-09-06 17:14:18,,,,,,,,,,,,,,,,,,,,,,,,
2025-01-10,0.673,0.675,0.656,0.656,998166100.0,654.8,2.83,-2.38,-0.016,0.0,159792,港股通互联网ETF,2025-09-06 17:14:18,,,,,,,,,,,,,,,,,,,,,,,,
2025-01-09,0.663,0.676,0.662,0.672,990364530.0,665.52,2.11,1.05,0.007,0.0,159792,港股通互联网ETF,2025-09-06 17:14:18,,,,,,,,,,,,,,,,,,,,,,,,
2025-01-08,0.67,0.679,0.659,0.665,1375917200.0,914.98,2.98,-0.89,-0.006,0.0,159792,港股通互联网ETF,2025-09-06 17:14:18,,,,,,,,,,,,,,,,,,,,,,,,
2025-01-07,0.683,0.689,0.666,0.671,2407519820.0,1615.45,3.34,-2.61,-0.018,0.0,159792,港股通互联网ETF,2025-09-06 17:14:18,,,,,,,,,,,,,,,,,,,,,,,,
2025-01-06,0.694,0.699,0.689,0.689,1258220620.0,866.91,1.45,-0.14,-0.001,0.0,159792,港股通互联网ETF,2025-09-06 17:14:18,,,,,,,,,,,,,,,,,,,,,,,,
2025-01-03,0.691,0.701,0.681,0.69,1605675730.0,1107.92,2.91,0.44,0.003,0.0,159792,港股通互联网ETF,2025-09-06 17:14:18,,,,,,,,,,,,,,,,,,,,,,,,
2025-01-02,0.697,0.701,0.684,0.687,1225042226.0,841.6,2.45,-1.15,-0.008,0.0,159792,港股通互联网ETF,2025-09-06 17:14:18,,,,,,,,,,,,,,,,,,,,,,,,
2024-12-31,0.703,0.706,0.692,0.695,1034325495.0,718.86,1.98,-1.56,-0.011,0.0,159792,港股通互联网ETF,2025-09-06 17:14:18,,,,,,,,,,,,,,,,,,,,,,,,
2024-12-30,0.712,0.714,0.702,0.706,1846630622.0,1303.72,1.69,-0.28,-0.002,0.0,159792,港股通互联网ETF,2025-09-06 17:14:18,,,,,,,,,,,,,,,,,,,,,,,,
2024-12-27,0.708,0.715,0.706,0.708,1350881889.0,956.42,1.27,0.14,0.001,0.0,159792,港股通互联网ETF,2025-09-06 17:14:18,,,,,,,,,,,,,,,,,,,,,,,,
2024-12-26,0.707,0.709,0.705,0.707,594935300.0,420.62,0.57,0.14,0.001,0.0,159792,港股通互联网ETF,2025-09-06 17:14:18,,,,,,,,,,,,,,,,,,,,,,,,
2024-12-25,0.707,0.711,0.704,0.706,609958869.0,430.63,0.99,-0.42,-0.003,0.0,159792,港股通互联网ETF,2025-09-06 17:14:18,,,,,,,,,,,,,,,,,,,,,,,,
2024-12-24,0.702,0.709,0.7,0.709,828860026.0,587.66,1.29,1.43,0.01,0.0,159792,港股通互联网ETF,2025-09-06 17:14:18,,,,,,,,,,,,,,,,,,,,,,,,
2024-12-23,0.708,0.711,0.698,0.699,899273950.0,628.59,1.84,-1.13,-0.008,0.0,159792,港股通互联网ETF,2025-09-06 17:14:18,,,,,,,,,,,,,,,,,,,,,,,,
2024-12-20,0.701,0.71,0.701,0.707,822964379.0,581.84,1.27,0.0,0.0,0.0,159792,港股通互联网ETF,2025-09-06 17:14:18,,,,,,,,,,,,,,,,,,,,,,,,
2024-12-19,0.696,0.707,0.693,0.707,1145607100.0,809.94,1.98,0.14,0.001,0.0,159792,港股通互联网ETF,2025-09-06 17:14:18,,,,,,,,,,,,,,,,,,,,,,,,
2024-12-18,0.705,0.71,0.7,0.706,1091157501.0,770.36,1.43,1.15,0.008,0.0,159792,港股通互联网ETF,2025-09-06 17:14:18,,,,,,,,,,,,,,,,,,,,,,,,
2024-12-17,0.698,0.709,0.689,0.698,1532339244.0,1069.57,2.86,-0.14,-0.001,0.0,159792,港股通互联网ETF,2025-09-06 17:14:18,,,,,,,,,,,,,,,,,,,,,,,,
2024-12-16,0.712,0.714,0.696,0.699,941329700.0,657.99,2.53,-1.83,-0.013,0.0,159792,港股通互联网ETF,2025-09-06 17:14:18,,,,,,,,,,,,,,,,,,,,,,,,
2024-12-13,0.721,0.725,0.712,0.712,956667262.0,681.15,1.77,-3.13,-0.023,0.0,159792,港股通互联网ETF,2025-09-06 17:14:18,,,,,,,,,,,,,,,,,,,,,,,,
2024-12-12,0.717,0.736,0.714,0.735,1356613700.0,997.11,3.08,2.8,0.02,0.0,159792,港股通互联网ETF,2025-09-06 17:14:18,,,,,,,,,,,,,,,,,,,,,,,,
2024-12-11,0.728,0.73,0.712,0.715,1293687099.0,924.99,2.48,-1.38,-0.01,0.0,159792,港股通互联网ETF,2025-09-06 17:14:18,,,,,,,,,,,,,,,,,,,,,,,,
2024-12-10,0.764,0.768,0.723,0.725,2463994121.0,1786.4,6.33,1.97,0.014,0.0,159792,港股通互联网ETF,2025-09-06 17:14:18,,,,,,,,,,,,,,,,,,,,,,,,
2024-12-09,0.704,0.715,0.703,0.711,921832500.0,655.42,1.69,0.28,0.002,0.0,159792,港股通互联网ETF,2025-09-06 17:14:18,,,,,,,,,,,,,,,,,,,,,,,,
2024-12-06,0.696,0.712,0.691,0.709,1283717900.0,910.16,3.03,2.31,0.016,0.0,159792,港股通互联网ETF,2025-09-06 17:14:18,,,,,,,,,,,,,,,,,,,,,,,,
2024-12-05,0.691,0.698,0.69,0.693,1019311900.0,706.38,1.15,-0.57,-0.004,0.0,159792,港股通互联网ETF,2025-09-06 17:14:18,,,,,,,,,,,,,,,,,,,,,,,,
2024-12-04,0.697,0.705,0.694,0.697,911842000.0,635.55,1.58,-0.14,-0.001,0.0,159792,港股通互联网ETF,2025-09-06 17:14:18,,,,,,,,,,,,,,,,,,,,,,,,
2024-12-03,0.698,0.703,0.691,0.698,1043876900.0,728.63,1.73,0.72,0.005,0.0,159792,港股通互联网ETF,2025-09-06 17:14:18,,,,,,,,,,,,,,,,,,,,,,,,
2024-12-02,0.685,0.698,0.684,0.693,1562607113.0,1082.89,2.05,1.46,0.01,0.0,159792,港股通互联网ETF,2025-09-06 17:14:18,,,,,,,,,,,,,,,,,,,,,,,,
2024-11-29,0.685,0.701,0.681,0.683,1677360500.0,1145.64,2.92,-0.15,-0.001,0.0,159792,港股通互联网ETF,2025-09-06 17:14:18,,,,,,,,,,,,,,,,,,,,,,,,
2024-11-28,0.695,0.697,0.683,0.684,825582340.0,564.7,2.02,-1.16,-0.008,0.0,159792,港股通互联网ETF,2025-09-06 17:14:18,,,,,,,,,,,,,,,,,,,,,,,,
2024-11-27,0.674,0.692,0.667,0.692,1066870315.0,738.27,3.71,2.67,0.018,0.0,159792,港股通互联网ETF,2025-09-06 17:14:18,,,,,,,,,,,,,,,,,,,,,,,,
2024-11-26,0.672,0.685,0.672,0.674,948520847.0,639.3,1.93,0.15,0.001,0.0,159792,港股通互联网ETF,2025-09-06 17:14:18,,,,,,,,,,,,,,,,,,,,,,,,
2024-11-25,0.683,0.685,0.668,0.673,1172767427.0,789.27,2.5,-0.88,-0.006,0.0,159792,港股通互联网ETF,2025-09-06 17:14:18,,,,,,,,,,,,,,,,,,,,,,,,
2024-11-22,0.699,0.704,0.677,0.679,1173181236.0,796.59,3.85,-3.14,-0.022,0.0,159792,港股通互联网ETF,2025-09-06 17:14:18,,,,,,,,,,,,,,,,,,,,,,,,
2024-11-21,0.706,0.709,0.699,0.701,894431100.0,627.0,1.42,-0.71,-0.005,0.0,159792,港股通互联网ETF,2025-09-06 17:14:18,,,,,,,,,,,,,,,,,,,,,,,,
2024-11-20,0.692,0.707,0.69,0.706,1272486280.0,898.38,2.46,2.02,0.014,0.0,159792,港股通互联网ETF,2025-09-06 17:14:18,,,,,,,,,,,,,,,,,,,,,,,,
2024-11-19,0.693,0.696,0.682,0.692,994653900.0,688.3,2.03,0.58,0.004,0.0,159792,港股通互联网ETF,2025-09-06 17:14:18,,,,,,,,,,,,,,,,,,,,,,,,
2024-11-18,0.697,0.7,0.684,0.688,1505809102.0,1036.0,2.32,-0.15,-0.001,0.0,159792,港股通互联网ETF,2025-09-06 17:14:18,,,,,,,,,,,,,,,,,,,,,,,,
2024-11-15,0.696,0.703,0.688,0.689,1908757806.0,1315.13,2.16,-0.72,-0.005,0.0,159792,港股通互联网ETF,2025-09-06 17:14:18,,,,,,,,,,,,,,,,,,,,,,,,
2024-11-14,0.701,0.718,0.692,0.694,1965330000.0,1363.94,3.69,-1.56,-0.011,0.0,159792,港股通互联网ETF,2025-09-06 17:14:18,,,,,,,,,,,,,,,,,,,,,,,,
2024-11-13,0.7,0.705,0.691,0.705,2274856647.0,1603.77,1.98,-0.28,-0.002,0.0,159792,港股通互联网ETF,2025-09-06 17:14:18,,,,,,,,,,,,,,,,,,,,,,,,
2024-11-12,0.731,0.741,0.705,0.707,2571363950.0,1817.95,4.92,-3.28,-0.024,0.0,159792,港股通互联网ETF,2025-09-06 17:14:18,,,,,,,,,,,,,,,,,,,,,,,,
2024-11-11,0.72,0.734,0.709,0.731,2400791935.0,1754.98,3.38,-1.08,-0.008,0.0,159792,港股通互联网ETF,2025-09-06 17:14:18,,,,,,,,,,,,,,,,,,,,,,,,
2024-11-08,0.757,0.765,0.735,0.739,1676412241.0,1238.87,4.05,-0.27,-0.002,0.0,159792,港股通互联网ETF,2025-09-06 17:14:18,,,,,,,,,,,,,,,,,,,,,,,,
2024-11-07,0.715,0.741,0.712,0.741,2410258047.0,1786.0,4.06,3.64,0.026,0.0,159792,港股通互联网ETF,2025-09-06 17:14:18,,,,,,,,,,,,,,,,,,,,,,,,
2024-11-06,0.722,0.729,0.708,0.715,2937504019.0,2100.32,2.92,-0.56,-0.004,0.0,159792,港股通互联网ETF,2025-09-06 17:14:18,,,,,,,,,,,,,,,,,,,,,,,,
2024-11-05,0.696,0.723,0.696,0.719,2363671600.0,1699.48,3.85,2.42,0.017,0.0,159792,港股通互联网ETF,2025-09-06 17:14:18,,,,,,,,,,,,,,,,,,,,,,,,
2024-11-04,0.697,0.703,0.695,0.702,1412437051.0,991.53,1.15,1.15,0.008,0.0,159792,港股通互联网ETF,2025-09-06 17:14:18,,,,,,,,,,,,,,,,,,,,,,,,
2024-11-01,0.696,0.703,0.69,0.694,1997877242.0,1386.53,1.87,0.0,0.0,0.0,159792,港股通互联网ETF,2025-09-06 17:14:18,,,,,,,,,,,,,,,,,,,,,,,,
2024-10-31,0.693,0.702,0.691,0.694,1840875803.0,1277.57,1.59,0.29,0.002,0.0,159792,港股通互联网ETF,2025-09-06 17:14:18,,,,,,,,,,,,,,,,,,,,,,,,
2024-10-30,0.698,0.705,0.689,0.692,1869423400.0,1293.64,2.28,-1.56,-0.011,0.0,159792,港股通互联网ETF,2025-09-06 17:14:18,,,,,,,,,,,,,,,,,,,,,,,,
2024-10-29,0.714,0.72,0.702,0.703,2695992000.0,1895.28,2.56,0.14,0.001,0.0,159792,港股通互联网ETF,2025-09-06 17:14:18,,,,,,,,,,,,,,,,,,,,,,,,
2024-10-28,0.693,0.704,0.689,0.702,2571220800.0,1805.0,2.18,2.03,0.014,0.0,159792,港股通互联网ETF,2025-09-06 17:14:18,,,,,,,,,,,,,,,,,,,,,,,,
2024-10-25,0.687,0.699,0.686,0.688,2277899400.0,1567.19,1.9,0.29,0.002,0.0,159792,港股通互联网ETF,2025-09-06 17:14:18,,,,,,,,,,,,,,,,,,,,,,,,
2024-10-24,0.696,0.699,0.685,0.686,2076292300.0,1424.34,1.99,-2.7,-0.019,0.0,159792,港股通互联网ETF,2025-09-06 17:14:18,,,,,,,,,,,,,,,,,,,,,,,,
2024-10-23,0.693,0.716,0.69,0.705,2423648565.0,1708.67,3.76,2.03,0.014,0.0,159792,港股通互联网ETF,2025-09-06 17:14:18,,,,,,,,,,,,,,,,,,,,,,,,
2024-10-22,0.689,0.698,0.684,0.691,2097035445.0,1449.05,2.04,0.58,0.004,0.0,159792,港股通互联网ETF,2025-09-06 17:14:18,,,,,,,,,,,,,,,,,,,,,,,,
2024-10-21,0.699,0.705,0.684,0.687,3303027691.0,2269.18,3.01,-1.58,-0.011,0.0,159792,港股通互联网ETF,2025-09-06 17:14:18,,,,,,,,,,,,,,,,,,,,,,,,
2024-10-18,0.664,0.712,0.658,0.698,3796584172.0,2650.02,8.11,4.8,0.032,0.0,159792,港股通互联网ETF,2025-09-06 17:14:18,,,,,,,,,,,,,,,,,,,,,,,,
2024-10-17,0.677,0.693,0.665,0.666,2468946000.0,1644.32,4.18,-0.6,-0.004,0.0,159792,港股通互联网ETF,2025-09-06 17:14:18,,,,,,,,,,,,,,,,,,,,,,,,
2024-10-16,0.663,0.682,0.661,0.67,3025985136.0,2027.41,3.14,0.15,0.001,0.0,159792,港股通互联网ETF,2025-09-06 17:14:18,,,,,,,,,,,,,,,,,,,,,,,,
2024-10-15,0.699,0.707,0.667,0.669,3069296972.0,2053.36,5.68,-4.97,-0.035,0.0,159792,港股通互联网ETF,2025-09-06 17:14:18,,,,,,,,,,,,,,,,,,,,,,,,
2024-10-14,0.708,0.714,0.681,0.704,4750773844.0,3344.54,4.73,1.0,0.007,0.0,159792,港股通互联网ETF,2025-09-06 17:14:18,,,,,,,,,,,,,,,,,,,,,,,,
2024-10-11,0.716,0.718,0.69,0.697,1419165502.0,989.16,3.9,-2.92,-0.021,0.0,159792,港股通互联网ETF,2025-09-06 17:14:18,,,,,,,,,,,,,,,,,,,,,,,,
2024-10-10,0.721,0.737,0.709,0.718,5198045020.0,3732.2,4.0,2.57,0.018,0.0,159792,港股通互联网ETF,2025-09-06 17:14:18,,,,,,,,,,,,,,,,,,,,,,,,
2024-10-09,0.745,0.75,0.683,0.7,6262590186.0,4383.81,8.96,-6.42,-0.048,0.0,159792,港股通互联网ETF,2025-09-06 17:14:18,,,,,,,,,,,,,,,,,,,,,,,,
2024-10-08,0.809,0.809,0.716,0.748,5370638682.0,4017.24,12.65,1.77,0.013,0.0,159792,港股通互联网ETF,2025-09-06 17:14:18,,,,,,,,,,,,,,,,,,,,,,,,
2024-09-30,0.71,0.735,0.691,0.735,3581106650.0,2632.11,6.59,10.03,0.067,0.0,159792,港股通互联网ETF,2025-09-06 17:14:18,,,,,,,,,,,,,,,,,,,,,,,,
2024-09-27,0.651,0.685,0.651,0.668,3559349600.0,2377.65,5.41,6.2,0.039,0.0,159792,港股通互联网ETF,2025-09-06 17:14:18,,,,,,,,,,,,,,,,,,,,,,,,
2024-09-26,0.6,0.631,0.596,0.629,2548850745.0,1603.23,5.91,6.25,0.037,0.0,159792,港股通互联网ETF,2025-09-06 17:14:18,,,,,,,,,,,,,,,,,,,,,,,,
2024-09-25,0.611,0.612,0.589,0.592,2049503537.0,1213.31,3.9,0.34,0.002,0.0,159792,港股通互联网ETF,2025-09-06 17:14:18,,,,,,,,,,,,,,,,,,,,,,,,
2024-09-24,0.579,0.59,0.571,0.59,1990474400.0,1174.38,3.37,4.61,0.026,0.0,159792,港股通互联网ETF,2025-09-06 17:14:18,,,,,,,,,,,,,,,,,,,,,,,,
2024-09-23,0.57,0.581,0.564,0.564,1592820990.0,898.35,3.0,-0.53,-0.003,0.0,159792,港股通互联网ETF,2025-09-06 17:14:18,,,,,,,,,,,,,,,,,,,,,,,,
2024-09-20,0.565,0.579,0.564,0.567,2010431500.0,1139.91,2.64,-0.18,-0.001,0.0,159792,港股通互联网ETF,2025-09-06 17:14:18,,,,,,,,,,,,,,,,,,,,,,,,
2024-09-19,0.551,0.57,0.55,0.568,1529949764.0,869.01,3.64,3.27,0.018,0.0,159792,港股通互联网ETF,2025-09-06 17:14:18,,,,,,,,,,,,,,,,,,,,,,,,
2024-09-18,0.551,0.553,0.547,0.55,397599800.0,218.68,1.1,1.29,0.007,0.0,159792,港股通互联网ETF,2025-09-06 17:14:18,,,,,,,,,,,,,,,,,,,,,,,,
2024-09-13,0.544,0.55,0.541,0.543,774857294.0,420.75,1.65,-0.18,-0.001,0.0,159792,港股通互联网ETF,2025-09-06 17:14:18,,,,,,,,,,,,,,,,,,,,,,,,
2024-09-12,0.541,0.548,0.541,0.544,911419100.0,495.81,1.3,1.3,0.007,0.0,159792,港股通互联网ETF,2025-09-06 17:14:18,,,,,,,,,,,,,,,,,,,,,,,,
2024-09-11,0.535,0.54,0.534,0.537,606297791.0,325.58,1.11,-0.56,-0.003,0.0,159792,港股通互联网ETF,2025-09-06 17:14:18,,,,,,,,,,,,,,,,,,,,,,,,
2024-09-10,0.541,0.542,0.531,0.54,860256815.0,464.54,2.05,0.56,0.003,0.0,159792,港股通互联网ETF,2025-09-06 17:14:18,,,,,,,,,,,,,,,,,,,,,,,,
2024-09-09,0.538,0.542,0.534,0.537,1021372200.0,548.48,1.48,-0.74,-0.004,0.0,159792,港股通互联网ETF,2025-09-06 17:14:18,,,,,,,,,,,,,,,,,,,,,,,,
2024-09-06,0.544,0.547,0.54,0.541,204957500.0,110.88,0.0,0.0,0.0,0.0,159792,港股通互联网ETF,2025-09-06 17:14:18,,,,,,,,,,,,,,,,,,,,,,,,
