日期,开盘,最高,最低,收盘,成交量,成交额,振幅,涨跌幅,涨跌额,换手率,ETF代码,ETF名称,爬取时间,折溢价率,IOPV,前收盘,量比,委比,外盘,内盘,主力净流入-净额,主力净流入-净占比,超大单净流入-净额,超大单净流入-净占比,大单净流入-净额,大单净流入-净占比,中单净流入-净额,中单净流入-净占比,小单净流入-净额,小单净流入-净占比,现手,买一,卖一,最新份额,流通市值,总市值,更新时间
2025-09-22,3.07,3.084,3.051,3.08,102737845.0,3164325.63,1.07,0.33,0.01,,159845,中证1000ETF,2025-09-22 21:52:51,,,,,,,,,,,,,,,,,,,,,,,,
2025-09-19,3.074,3.094,3.044,3.061,108376517.0,3317405.19,1.63,-0.39,-0.012,,159845,中证1000ETF,2025-09-19 18:14:22,,,,,,,,,,,,,,,,,,,,,,,,
2025-09-18,3.111,3.154,3.04,3.073,145623925.0,4475023.22,3.67,-1.19,-0.037,,159845,中证1000ETF,2025-09-19 18:14:22,,,,,,,,,,,,,,,,,,,,,,,,
2025-09-17,3.076,3.117,3.068,3.11,98417703.0,3060790.56,1.59,1.11,0.034,,159845,中证1000ETF,2025-09-19 18:14:22,,,,,,,,,,,,,,,,,,,,,,,,
2025-09-16,3.051,3.086,3.026,3.085,76826684.0,2370103.2,1.97,1.11,0.034,,159845,中证1000ETF,2025-09-18 22:22:51,,,,,,,,,,,,,,,,,,,,,,,,
2025-09-12,3.05,3.076,3.04,3.054,9112.86,278708828.093,1.18,-0.03,-0.001,0.63,159845,中证1000ETF,2025-09-12 22:21:36,0.11,3.0574,3.055,0.63,-33.61,481995.0,429291.0,-22713309.0,-8.15,-35034627.0,-12.57,12321318.0,4.42,22496712.0,8.07,216597.0,0.08,3798.0,3.052,3.054,14522425600.0,44351487782.0,44351487782.0,2025-09-12 15:34:15+08:00
2025-09-11,2.971,3.055,2.942,3.055,122830352.0,3752467.25,0.0,0.0,0.0,0.0,159845,中证1000ETF,2025-09-11 22:22:15,0.0,,,,,,,,,,,,,,,,,,,,,,,
2025-09-10,2.956,3.003,2.955,2.973,87808703.0,2610552.74,0.0,0.0,0.0,0.0,159845,中证1000ETF,2025-09-10 22:21:27,0.0,,,,,,,,,,,,,,,,,,,,,,,
2025-09-09,2.994,3.008,2.958,2.97,167830632.0,4984569.77,0.0,0.0,0.0,0.0,159845,中证1000ETF,2025-09-09 18:27:56,,,,,,,,,,,,,,,,,,,,,,,,
2025-09-08,2.982,3.015,2.966,3.004,186356546.0,5598150.64,0.0,0.0,0.0,0.0,159845,中证1000ETF,2025-09-08 18:27:51,,,,,,,,,,,,,,,,,,,,,,,,
2025-09-05,2.895,2.988,2.89,2.981,163101308.0,486.2,3.39,2.97,0.086,0.0,159845,中证1000ETF,2025-09-06 17:14:18,,,,,,,,,,,,,,,,,,,,,,,,
2025-09-04,2.964,2.983,2.857,2.895,208100221.0,602.45,4.25,-2.33,-0.069,0.0,159845,中证1000ETF,2025-09-06 17:14:18,,,,,,,,,,,,,,,,,,,,,,,,
2025-09-03,3.009,3.025,2.95,2.964,115229283.0,341.54,2.49,-1.53,-0.046,0.0,159845,中证1000ETF,2025-09-06 17:14:18,,,,,,,,,,,,,,,,,,,,,,,,
2025-09-02,3.072,3.079,2.985,3.01,120416852.0,362.45,3.05,-2.43,-0.075,0.0,159845,中证1000ETF,2025-09-06 17:14:18,,,,,,,,,,,,,,,,,,,,,,,,
2025-09-01,3.058,3.085,3.05,3.085,90873841.0,280.35,1.15,1.08,0.033,0.0,159845,中证1000ETF,2025-09-06 17:14:18,,,,,,,,,,,,,,,,,,,,,,,,
2025-08-29,3.059,3.08,3.031,3.052,119846308.0,365.77,1.6,-0.36,-0.011,0.0,159845,中证1000ETF,2025-09-06 17:14:18,,,,,,,,,,,,,,,,,,,,,,,,
2025-08-28,3.017,3.067,2.968,3.063,205239419.0,628.65,3.28,1.56,0.047,0.0,159845,中证1000ETF,2025-09-06 17:14:18,,,,,,,,,,,,,,,,,,,,,,,,
2025-08-27,3.092,3.112,3.014,3.016,144775472.0,436.64,3.19,-1.85,-0.057,0.0,159845,中证1000ETF,2025-09-06 17:14:18,,,,,,,,,,,,,,,,,,,,,,,,
2025-08-26,3.068,3.097,3.055,3.073,91804882.0,282.12,1.37,0.07,0.002,0.0,159845,中证1000ETF,2025-09-06 17:14:18,,,,,,,,,,,,,,,,,,,,,,,,
2025-08-25,3.048,3.092,3.042,3.071,145745372.0,447.58,1.65,1.19,0.036,0.0,159845,中证1000ETF,2025-09-06 17:14:18,,,,,,,,,,,,,,,,,,,,,,,,
2025-08-22,2.981,3.037,2.981,3.035,146360673.0,444.2,1.88,1.74,0.052,0.0,159845,中证1000ETF,2025-09-06 17:14:18,,,,,,,,,,,,,,,,,,,,,,,,
2025-08-21,3.025,3.025,2.969,2.983,180629910.0,538.82,1.86,-0.83,-0.025,0.0,159845,中证1000ETF,2025-09-06 17:14:18,,,,,,,,,,,,,,,,,,,,,,,,
2025-08-20,2.975,3.008,2.944,3.008,158075053.0,475.49,2.15,0.91,0.027,0.0,159845,中证1000ETF,2025-09-06 17:14:18,,,,,,,,,,,,,,,,,,,,,,,,
2025-08-19,2.976,2.997,2.959,2.981,153865367.0,458.67,1.28,0.1,0.003,0.0,159845,中证1000ETF,2025-09-06 17:14:18,,,,,,,,,,,,,,,,,,,,,,,,
2025-08-18,2.949,2.993,2.934,2.978,192686708.0,573.82,2.01,1.67,0.049,0.0,159845,中证1000ETF,2025-09-06 17:14:18,,,,,,,,,,,,,,,,,,,,,,,,
2025-08-15,2.865,2.93,2.86,2.929,110742856.0,324.37,2.44,1.91,0.055,0.0,159845,中证1000ETF,2025-09-06 17:14:18,,,,,,,,,,,,,,,,,,,,,,,,
2025-08-14,2.905,2.912,2.863,2.874,99307796.0,285.41,1.69,-1.07,-0.031,0.0,159845,中证1000ETF,2025-09-06 17:14:18,,,,,,,,,,,,,,,,,,,,,,,,
2025-08-13,2.862,2.912,2.862,2.905,119203144.0,346.29,1.75,1.54,0.044,0.0,159845,中证1000ETF,2025-09-06 17:14:18,,,,,,,,,,,,,,,,,,,,,,,,
2025-08-12,2.855,2.863,2.837,2.861,104927924.0,300.2,0.91,0.32,0.009,0.0,159845,中证1000ETF,2025-09-06 17:14:18,,,,,,,,,,,,,,,,,,,,,,,,
2025-08-11,2.817,2.863,2.817,2.852,152798385.0,435.78,1.63,1.31,0.037,0.0,159845,中证1000ETF,2025-09-06 17:14:18,,,,,,,,,,,,,,,,,,,,,,,,
2025-08-08,2.819,2.821,2.801,2.815,96673208.0,272.14,0.71,-0.18,-0.005,0.0,159845,中证1000ETF,2025-09-06 17:14:18,,,,,,,,,,,,,,,,,,,,,,,,
2025-08-07,2.825,2.831,2.8,2.82,97954991.0,276.23,1.1,-0.07,-0.002,0.0,159845,中证1000ETF,2025-09-06 17:14:18,,,,,,,,,,,,,,,,,,,,,,,,
2025-08-06,2.79,2.826,2.782,2.822,79212137.0,223.54,1.58,1.15,0.032,0.0,159845,中证1000ETF,2025-09-06 17:14:18,,,,,,,,,,,,,,,,,,,,,,,,
2025-08-05,2.772,2.79,2.77,2.79,51412647.0,143.44,0.72,0.65,0.018,0.0,159845,中证1000ETF,2025-09-06 17:14:18,,,,,,,,,,,,,,,,,,,,,,,,
2025-08-04,2.735,2.772,2.723,2.772,87487919.0,242.52,1.79,1.17,0.032,0.0,159845,中证1000ETF,2025-09-06 17:14:18,,,,,,,,,,,,,,,,,,,,,,,,
2025-08-01,2.734,2.757,2.722,2.74,64674811.0,177.21,1.28,0.18,0.005,0.0,159845,中证1000ETF,2025-09-06 17:14:18,,,,,,,,,,,,,,,,,,,,,,,,
2025-07-31,2.756,2.772,2.728,2.735,113858199.0,311.4,1.59,-1.05,-0.029,0.0,159845,中证1000ETF,2025-09-06 17:14:18,,,,,,,,,,,,,,,,,,,,,,,,
2025-07-30,2.785,2.785,2.742,2.764,88901253.0,245.72,1.54,-0.75,-0.021,0.0,159845,中证1000ETF,2025-09-06 17:14:18,,,,,,,,,,,,,,,,,,,,,,,,
2025-07-29,2.762,2.785,2.744,2.785,84150791.0,234.36,1.48,0.72,0.02,0.0,159845,中证1000ETF,2025-09-06 17:14:18,,,,,,,,,,,,,,,,,,,,,,,,
2025-07-28,2.754,2.77,2.741,2.765,172314633.0,476.45,1.05,0.4,0.011,0.0,159845,中证1000ETF,2025-09-06 17:14:18,,,,,,,,,,,,,,,,,,,,,,,,
2025-07-25,2.764,2.764,2.741,2.754,109749327.0,302.25,0.83,-0.15,-0.004,0.0,159845,中证1000ETF,2025-09-06 17:14:18,,,,,,,,,,,,,,,,,,,,,,,,
2025-07-24,2.717,2.759,2.714,2.758,146120499.0,403.0,1.66,1.43,0.039,0.0,159845,中证1000ETF,2025-09-06 17:14:18,,,,,,,,,,,,,,,,,,,,,,,,
2025-07-23,2.734,2.745,2.712,2.719,91057237.0,247.58,1.21,-0.29,-0.008,0.0,159845,中证1000ETF,2025-09-06 17:14:18,,,,,,,,,,,,,,,,,,,,,,,,
2025-07-22,2.717,2.731,2.708,2.727,76546617.0,208.74,0.85,0.37,0.01,0.0,159845,中证1000ETF,2025-09-06 17:14:18,,,,,,,,,,,,,,,,,,,,,,,,
2025-07-21,2.689,2.718,2.685,2.717,131505526.0,357.3,1.23,0.89,0.024,0.0,159845,中证1000ETF,2025-09-06 17:14:18,,,,,,,,,,,,,,,,,,,,,,,,
2025-07-18,2.694,2.701,2.677,2.693,98501526.0,265.26,0.89,0.22,0.006,0.0,159845,中证1000ETF,2025-09-06 17:14:18,,,,,,,,,,,,,,,,,,,,,,,,
2025-07-17,2.654,2.688,2.648,2.687,129945412.0,349.16,1.51,1.32,0.035,0.0,159845,中证1000ETF,2025-09-06 17:14:18,,,,,,,,,,,,,,,,,,,,,,,,
2025-07-16,2.64,2.667,2.639,2.652,83588572.0,221.68,1.06,0.26,0.007,0.0,159845,中证1000ETF,2025-09-06 17:14:18,,,,,,,,,,,,,,,,,,,,,,,,
2025-07-15,2.648,2.66,2.62,2.645,129315348.0,342.04,1.51,-0.3,-0.008,0.0,159845,中证1000ETF,2025-09-06 17:14:18,,,,,,,,,,,,,,,,,,,,,,,,
2025-07-14,2.66,2.66,2.645,2.653,105545909.0,280.01,0.56,-0.26,-0.007,0.0,159845,中证1000ETF,2025-09-06 17:14:18,,,,,,,,,,,,,,,,,,,,,,,,
2025-07-11,2.634,2.667,2.622,2.66,216909375.0,576.98,1.71,1.14,0.03,0.0,159845,中证1000ETF,2025-09-06 17:14:18,,,,,,,,,,,,,,,,,,,,,,,,
2025-07-10,2.619,2.642,2.614,2.63,54973318.0,144.58,1.07,0.15,0.004,0.0,159845,中证1000ETF,2025-09-06 17:14:18,,,,,,,,,,,,,,,,,,,,,,,,
2025-07-09,2.634,2.641,2.619,2.626,79980961.0,210.03,0.84,-0.19,-0.005,0.0,159845,中证1000ETF,2025-09-06 17:14:18,,,,,,,,,,,,,,,,,,,,,,,,
2025-07-08,2.594,2.632,2.59,2.631,100231345.0,263.71,1.62,1.39,0.036,0.0,159845,中证1000ETF,2025-09-06 17:14:18,,,,,,,,,,,,,,,,,,,,,,,,
2025-07-07,2.592,2.6,2.586,2.595,52766658.0,136.93,0.54,0.04,0.001,0.0,159845,中证1000ETF,2025-09-06 17:14:18,,,,,,,,,,,,,,,,,,,,,,,,
2025-07-04,2.601,2.619,2.582,2.594,91322054.0,236.89,1.42,-0.38,-0.01,0.0,159845,中证1000ETF,2025-09-06 17:14:18,,,,,,,,,,,,,,,,,,,,,,,,
2025-07-03,2.587,2.606,2.583,2.604,59450315.0,154.81,0.89,0.5,0.013,0.0,159845,中证1000ETF,2025-09-06 17:14:18,,,,,,,,,,,,,,,,,,,,,,,,
2025-07-02,2.609,2.609,2.58,2.591,99555973.0,257.95,1.11,-0.77,-0.02,0.0,159845,中证1000ETF,2025-09-06 17:14:18,,,,,,,,,,,,,,,,,,,,,,,,
2025-07-01,2.608,2.615,2.586,2.611,59027448.0,154.12,1.11,0.12,0.003,0.0,159845,中证1000ETF,2025-09-06 17:14:18,,,,,,,,,,,,,,,,,,,,,,,,
2025-06-30,2.577,2.608,2.577,2.608,143270202.0,373.65,1.2,1.28,0.033,0.0,159845,中证1000ETF,2025-09-06 17:14:18,,,,,,,,,,,,,,,,,,,,,,,,
2025-06-27,2.563,2.595,2.563,2.575,120454027.0,310.17,1.25,0.47,0.012,0.0,159845,中证1000ETF,2025-09-06 17:14:18,,,,,,,,,,,,,,,,,,,,,,,,
2025-06-26,2.57,2.587,2.563,2.563,126214074.0,323.49,0.93,-0.43,-0.011,0.0,159845,中证1000ETF,2025-09-06 17:14:18,,,,,,,,,,,,,,,,,,,,,,,,
2025-06-25,2.541,2.58,2.537,2.574,159370987.0,410.22,1.69,1.46,0.037,0.0,159845,中证1000ETF,2025-09-06 17:14:18,,,,,,,,,,,,,,,,,,,,,,,,
2025-06-24,2.494,2.54,2.49,2.537,89146526.0,226.16,2.01,1.85,0.046,0.0,159845,中证1000ETF,2025-09-06 17:14:18,,,,,,,,,,,,,,,,,,,,,,,,
2025-06-23,2.457,2.493,2.451,2.491,158128172.0,393.9,1.71,1.26,0.031,0.0,159845,中证1000ETF,2025-09-06 17:14:18,,,,,,,,,,,,,,,,,,,,,,,,
2025-06-20,2.479,2.485,2.459,2.46,122279277.0,300.81,1.05,-0.89,-0.022,0.0,159845,中证1000ETF,2025-09-06 17:14:18,,,,,,,,,,,,,,,,,,,,,,,,
2025-06-19,2.507,2.517,2.471,2.482,129718353.0,321.96,1.83,-1.23,-0.031,0.0,159845,中证1000ETF,2025-09-06 17:14:18,,,,,,,,,,,,,,,,,,,,,,,,
2025-06-18,2.51,2.519,2.494,2.513,63075288.0,158.51,0.99,-0.12,-0.003,0.0,159845,中证1000ETF,2025-09-06 17:14:18,,,,,,,,,,,,,,,,,,,,,,,,
2025-06-17,2.523,2.525,2.507,2.516,57713094.0,145.21,0.72,-0.04,-0.001,0.0,159845,中证1000ETF,2025-09-06 17:14:18,,,,,,,,,,,,,,,,,,,,,,,,
2025-06-16,2.52,2.522,2.498,2.517,68466094.0,172.33,0.96,0.52,0.013,0.0,159845,中证1000ETF,2025-09-06 17:14:18,,,,,,,,,,,,,,,,,,,,,,,,
2025-06-13,2.525,2.533,2.498,2.504,86006038.0,215.36,1.38,-1.14,-0.029,0.0,159845,中证1000ETF,2025-09-06 17:14:18,,,,,,,,,,,,,,,,,,,,,,,,
2025-06-12,2.525,2.539,2.515,2.533,42753775.0,108.3,0.95,0.16,0.004,0.0,159845,中证1000ETF,2025-09-06 17:14:18,,,,,,,,,,,,,,,,,,,,,,,,
2025-06-11,2.519,2.547,2.519,2.529,127761427.0,323.11,1.11,0.36,0.009,0.0,159845,中证1000ETF,2025-09-06 17:14:18,,,,,,,,,,,,,,,,,,,,,,,,
2025-06-10,2.548,2.548,2.497,2.52,111795638.0,281.73,2.01,-0.83,-0.021,0.0,159845,中证1000ETF,2025-09-06 17:14:18,,,,,,,,,,,,,,,,,,,,,,,,
2025-06-09,2.516,2.548,2.516,2.541,123216595.0,313.09,1.27,0.95,0.024,0.0,159845,中证1000ETF,2025-09-06 17:14:18,,,,,,,,,,,,,,,,,,,,,,,,
2025-06-06,2.519,2.523,2.509,2.517,41604588.0,104.72,0.56,-0.12,-0.003,0.0,159845,中证1000ETF,2025-09-06 17:14:18,,,,,,,,,,,,,,,,,,,,,,,,
2025-06-05,2.504,2.526,2.492,2.52,78280425.0,197.27,1.36,0.76,0.019,0.0,159845,中证1000ETF,2025-09-06 17:14:18,,,,,,,,,,,,,,,,,,,,,,,,
2025-06-04,2.478,2.503,2.478,2.501,61745592.0,154.43,1.01,0.97,0.024,0.0,159845,中证1000ETF,2025-09-06 17:14:18,,,,,,,,,,,,,,,,,,,,,,,,
2025-06-03,2.458,2.487,2.453,2.477,78219691.0,193.75,1.38,0.53,0.013,0.0,159845,中证1000ETF,2025-09-06 17:14:18,,,,,,,,,,,,,,,,,,,,,,,,
2025-05-30,2.479,2.479,2.46,2.464,212018512.0,522.41,0.76,-0.96,-0.024,0.0,159845,中证1000ETF,2025-09-06 17:14:18,,,,,,,,,,,,,,,,,,,,,,,,
2025-05-29,2.444,2.489,2.443,2.488,174437683.0,434.0,1.88,1.76,0.043,0.0,159845,中证1000ETF,2025-09-06 17:14:18,,,,,,,,,,,,,,,,,,,,,,,,
2025-05-28,2.457,2.46,2.438,2.445,66240642.0,161.96,0.9,-0.29,-0.007,0.0,159845,中证1000ETF,2025-09-06 17:14:18,,,,,,,,,,,,,,,,,,,,,,,,
2025-05-27,2.449,2.46,2.436,2.452,76853112.0,188.44,0.98,-0.24,-0.006,0.0,159845,中证1000ETF,2025-09-06 17:14:18,,,,,,,,,,,,,,,,,,,,,,,,
2025-05-26,2.446,2.464,2.439,2.458,78933085.0,194.02,1.02,0.37,0.009,0.0,159845,中证1000ETF,2025-09-06 17:14:18,,,,,,,,,,,,,,,,,,,,,,,,
2025-05-23,2.472,2.49,2.443,2.449,137694364.0,337.21,1.9,-1.09,-0.027,0.0,159845,中证1000ETF,2025-09-06 17:14:18,,,,,,,,,,,,,,,,,,,,,,,,
2025-05-22,2.496,2.509,2.473,2.476,118169961.0,292.59,1.44,-0.96,-0.024,0.0,159845,中证1000ETF,2025-09-06 17:14:18,,,,,,,,,,,,,,,,,,,,,,,,
2025-05-21,2.501,2.504,2.49,2.5,54197804.0,135.49,0.56,-0.32,-0.008,0.0,159845,中证1000ETF,2025-09-06 17:14:18,,,,,,,,,,,,,,,,,,,,,,,,
2025-05-20,2.489,2.512,2.476,2.508,102191584.0,256.3,1.45,0.97,0.024,0.0,159845,中证1000ETF,2025-09-06 17:14:18,,,,,,,,,,,,,,,,,,,,,,,,
2025-05-19,2.472,2.489,2.45,2.484,116891730.0,290.36,1.58,0.49,0.012,0.0,159845,中证1000ETF,2025-09-06 17:14:18,,,,,,,,,,,,,,,,,,,,,,,,
2025-05-16,2.462,2.488,2.461,2.472,169098628.0,418.01,1.09,0.08,0.002,0.0,159845,中证1000ETF,2025-09-06 17:14:18,,,,,,,,,,,,,,,,,,,,,,,,
2025-05-15,2.506,2.506,2.468,2.47,131729585.0,325.37,1.51,-1.63,-0.041,0.0,159845,中证1000ETF,2025-09-06 17:14:18,,,,,,,,,,,,,,,,,,,,,,,,
2025-05-14,2.502,2.529,2.489,2.511,185660742.0,466.19,1.59,0.08,0.002,0.0,159845,中证1000ETF,2025-09-06 17:14:18,,,,,,,,,,,,,,,,,,,,,,,,
2025-05-13,2.533,2.533,2.502,2.509,190778802.0,478.66,1.23,-0.2,-0.005,0.0,159845,中证1000ETF,2025-09-06 17:14:18,,,,,,,,,,,,,,,,,,,,,,,,
2025-05-12,2.509,2.514,2.489,2.514,160825560.0,404.32,1.01,1.33,0.033,0.0,159845,中证1000ETF,2025-09-06 17:14:18,,,,,,,,,,,,,,,,,,,,,,,,
2025-05-09,2.504,2.507,2.467,2.481,110440100.0,274.0,1.59,-1.08,-0.027,0.0,159845,中证1000ETF,2025-09-06 17:14:18,,,,,,,,,,,,,,,,,,,,,,,,
2025-05-08,2.485,2.515,2.479,2.508,102985109.0,258.29,1.45,0.72,0.018,0.0,159845,中证1000ETF,2025-09-06 17:14:18,,,,,,,,,,,,,,,,,,,,,,,,
2025-05-07,2.527,2.531,2.471,2.49,205882229.0,512.65,2.41,0.2,0.005,0.0,159845,中证1000ETF,2025-09-06 17:14:18,,,,,,,,,,,,,,,,,,,,,,,,
2025-05-06,2.437,2.485,2.437,2.485,154889496.0,384.9,1.98,2.47,0.06,0.0,159845,中证1000ETF,2025-09-06 17:14:18,,,,,,,,,,,,,,,,,,,,,,,,
2025-04-30,2.401,2.432,2.401,2.425,118527970.0,287.43,1.29,0.87,0.021,0.0,159845,中证1000ETF,2025-09-06 17:14:18,,,,,,,,,,,,,,,,,,,,,,,,
2025-04-29,2.387,2.414,2.378,2.404,82898771.0,199.29,1.5,0.25,0.006,0.0,159845,中证1000ETF,2025-09-06 17:14:18,,,,,,,,,,,,,,,,,,,,,,,,
2025-04-28,2.416,2.42,2.388,2.398,139152924.0,333.69,1.32,-0.83,-0.02,0.0,159845,中证1000ETF,2025-09-06 17:14:18,,,,,,,,,,,,,,,,,,,,,,,,
2025-04-25,2.416,2.438,2.402,2.418,185310972.0,448.08,1.49,0.21,0.005,0.0,159845,中证1000ETF,2025-09-06 17:14:18,,,,,,,,,,,,,,,,,,,,,,,,
2025-04-24,2.428,2.436,2.4,2.413,90791783.0,219.08,1.48,-0.9,-0.022,0.0,159845,中证1000ETF,2025-09-06 17:14:18,,,,,,,,,,,,,,,,,,,,,,,,
2025-04-23,2.427,2.454,2.424,2.435,140163889.0,341.3,1.24,0.58,0.014,0.0,159845,中证1000ETF,2025-09-06 17:14:18,,,,,,,,,,,,,,,,,,,,,,,,
2025-04-22,2.414,2.432,2.41,2.421,116563895.0,282.2,0.91,0.0,0.0,0.0,159845,中证1000ETF,2025-09-06 17:14:18,,,,,,,,,,,,,,,,,,,,,,,,
2025-04-21,2.367,2.424,2.359,2.421,147425224.0,356.92,2.74,2.07,0.049,0.0,159845,中证1000ETF,2025-09-06 17:14:18,,,,,,,,,,,,,,,,,,,,,,,,
2025-04-18,2.372,2.386,2.358,2.372,245198368.0,581.61,1.18,-0.29,-0.007,0.0,159845,中证1000ETF,2025-09-06 17:14:18,,,,,,,,,,,,,,,,,,,,,,,,
2025-04-17,2.36,2.402,2.36,2.379,164656168.0,391.72,1.77,0.13,0.003,0.0,159845,中证1000ETF,2025-09-06 17:14:18,,,,,,,,,,,,,,,,,,,,,,,,
2025-04-16,2.404,2.404,2.348,2.376,525830602.0,1249.37,2.33,-1.29,-0.031,0.0,159845,中证1000ETF,2025-09-06 17:14:18,,,,,,,,,,,,,,,,,,,,,,,,
2025-04-15,2.411,2.42,2.39,2.407,198338417.0,477.4,1.24,-0.37,-0.009,0.0,159845,中证1000ETF,2025-09-06 17:14:18,,,,,,,,,,,,,,,,,,,,,,,,
2025-04-14,2.406,2.434,2.406,2.416,172450277.0,416.64,1.17,1.3,0.031,0.0,159845,中证1000ETF,2025-09-06 17:14:18,,,,,,,,,,,,,,,,,,,,,,,,
2025-04-11,2.34,2.415,2.334,2.385,149054158.0,355.49,3.44,1.36,0.032,0.0,159845,中证1000ETF,2025-09-06 17:14:18,,,,,,,,,,,,,,,,,,,,,,,,
2025-04-10,2.339,2.4,2.336,2.353,251764281.0,592.4,2.78,2.3,0.053,0.0,159845,中证1000ETF,2025-09-06 17:14:18,,,,,,,,,,,,,,,,,,,,,,,,
2025-04-09,2.22,2.316,2.128,2.3,334592540.0,769.56,8.37,2.36,0.053,0.0,159845,中证1000ETF,2025-09-06 17:14:18,,,,,,,,,,,,,,,,,,,,,,,,
2025-04-08,2.231,2.298,2.211,2.247,3641541310.0,8182.54,3.83,-1.19,-0.027,0.0,159845,中证1000ETF,2025-09-06 17:14:18,,,,,,,,,,,,,,,,,,,,,,,,
2025-04-07,2.396,2.437,2.274,2.274,547922376.0,1245.98,6.45,-10.01,-0.253,0.0,159845,中证1000ETF,2025-09-06 17:14:18,,,,,,,,,,,,,,,,,,,,,,,,
2025-04-03,2.532,2.57,2.514,2.527,106390558.0,268.85,2.19,-1.13,-0.029,0.0,159845,中证1000ETF,2025-09-06 17:14:18,,,,,,,,,,,,,,,,,,,,,,,,
2025-04-02,2.548,2.574,2.543,2.556,55497030.0,141.85,1.22,0.35,0.009,0.0,159845,中证1000ETF,2025-09-06 17:14:18,,,,,,,,,,,,,,,,,,,,,,,,
2025-04-01,2.537,2.567,2.537,2.547,93617059.0,238.44,1.18,0.39,0.01,0.0,159845,中证1000ETF,2025-09-06 17:14:18,,,,,,,,,,,,,,,,,,,,,,,,
2025-03-31,2.541,2.551,2.504,2.537,142465428.0,361.43,1.84,-0.7,-0.018,0.0,159845,中证1000ETF,2025-09-06 17:14:18,,,,,,,,,,,,,,,,,,,,,,,,
2025-03-28,2.58,2.59,2.549,2.555,96531797.0,246.64,1.59,-0.97,-0.025,0.0,159845,中证1000ETF,2025-09-06 17:14:18,,,,,,,,,,,,,,,,,,,,,,,,
2025-03-27,2.575,2.605,2.545,2.58,103532742.0,267.11,2.33,0.08,0.002,0.0,159845,中证1000ETF,2025-09-06 17:14:18,,,,,,,,,,,,,,,,,,,,,,,,
2025-03-26,2.57,2.596,2.564,2.578,97013884.0,250.1,1.24,0.23,0.006,0.0,159845,中证1000ETF,2025-09-06 17:14:18,,,,,,,,,,,,,,,,,,,,,,,,
2025-03-25,2.584,2.598,2.559,2.572,133606275.0,343.64,1.51,-0.46,-0.012,0.0,159845,中证1000ETF,2025-09-06 17:14:18,,,,,,,,,,,,,,,,,,,,,,,,
2025-03-24,2.6,2.61,2.545,2.584,140134969.0,362.11,2.49,-1.0,-0.026,0.0,159845,中证1000ETF,2025-09-06 17:14:18,,,,,,,,,,,,,,,,,,,,,,,,
2025-03-21,2.653,2.66,2.601,2.61,184186567.0,480.73,2.21,-2.03,-0.054,0.0,159845,中证1000ETF,2025-09-06 17:14:18,,,,,,,,,,,,,,,,,,,,,,,,
2025-03-20,2.671,2.686,2.655,2.664,96329355.0,256.62,1.16,-0.41,-0.011,0.0,159845,中证1000ETF,2025-09-06 17:14:18,,,,,,,,,,,,,,,,,,,,,,,,
2025-03-19,2.69,2.69,2.661,2.675,157342549.0,420.89,1.08,-0.56,-0.015,0.0,159845,中证1000ETF,2025-09-06 17:14:18,,,,,,,,,,,,,,,,,,,,,,,,
2025-03-18,2.687,2.707,2.679,2.69,88486696.0,238.03,1.04,0.3,0.008,0.0,159845,中证1000ETF,2025-09-06 17:14:18,,,,,,,,,,,,,,,,,,,,,,,,
2025-03-17,2.682,2.69,2.668,2.682,183532406.0,492.23,0.82,0.0,0.0,0.0,159845,中证1000ETF,2025-09-06 17:14:18,,,,,,,,,,,,,,,,,,,,,,,,
2025-03-14,2.628,2.682,2.616,2.682,217225161.0,582.6,2.51,1.82,0.048,0.0,159845,中证1000ETF,2025-09-06 17:14:18,,,,,,,,,,,,,,,,,,,,,,,,
2025-03-13,2.67,2.676,2.606,2.634,123053348.0,324.12,2.62,-1.46,-0.039,0.0,159845,中证1000ETF,2025-09-06 17:14:18,,,,,,,,,,,,,,,,,,,,,,,,
2025-03-12,2.681,2.706,2.67,2.673,97124169.0,259.61,1.35,0.07,0.002,0.0,159845,中证1000ETF,2025-09-06 17:14:18,,,,,,,,,,,,,,,,,,,,,,,,
2025-03-11,2.628,2.676,2.623,2.671,105617387.0,282.1,2.0,0.6,0.016,0.0,159845,中证1000ETF,2025-09-06 17:14:18,,,,,,,,,,,,,,,,,,,,,,,,
2025-03-10,2.652,2.664,2.63,2.655,152787909.0,405.65,1.28,0.08,0.002,0.0,159845,中证1000ETF,2025-09-06 17:14:18,,,,,,,,,,,,,,,,,,,,,,,,
2025-03-07,2.664,2.678,2.634,2.653,161676568.0,428.93,1.65,-0.41,-0.011,0.0,159845,中证1000ETF,2025-09-06 17:14:18,,,,,,,,,,,,,,,,,,,,,,,,
2025-03-06,2.62,2.674,2.615,2.664,114320503.0,304.55,2.27,2.34,0.061,0.0,159845,中证1000ETF,2025-09-06 17:14:18,,,,,,,,,,,,,,,,,,,,,,,,
2025-03-05,2.587,2.609,2.571,2.603,118444326.0,308.31,1.47,0.62,0.016,0.0,159845,中证1000ETF,2025-09-06 17:14:18,,,,,,,,,,,,,,,,,,,,,,,,
2025-03-04,2.537,2.59,2.533,2.587,154920717.0,400.78,2.23,1.25,0.032,0.0,159845,中证1000ETF,2025-09-06 17:14:18,,,,,,,,,,,,,,,,,,,,,,,,
2025-03-03,2.563,2.599,2.543,2.555,149615704.0,382.27,2.19,0.04,0.001,0.0,159845,中证1000ETF,2025-09-06 17:14:18,,,,,,,,,,,,,,,,,,,,,,,,
2025-02-28,2.633,2.636,2.548,2.554,202541482.0,517.29,3.33,-3.37,-0.089,0.0,159845,中证1000ETF,2025-09-06 17:14:18,,,,,,,,,,,,,,,,,,,,,,,,
2025-02-27,2.652,2.667,2.607,2.643,115060661.0,304.11,2.26,-0.53,-0.014,0.0,159845,中证1000ETF,2025-09-06 17:14:18,,,,,,,,,,,,,,,,,,,,,,,,
2025-02-26,2.622,2.662,2.612,2.657,94889465.0,252.12,1.91,1.53,0.04,0.0,159845,中证1000ETF,2025-09-06 17:14:18,,,,,,,,,,,,,,,,,,,,,,,,
2025-02-25,2.593,2.646,2.591,2.617,96559858.0,252.7,2.09,-0.46,-0.012,0.0,159845,中证1000ETF,2025-09-06 17:14:18,,,,,,,,,,,,,,,,,,,,,,,,
2025-02-24,2.627,2.648,2.61,2.629,237335128.0,623.95,1.44,-0.11,-0.003,0.0,159845,中证1000ETF,2025-09-06 17:14:18,,,,,,,,,,,,,,,,,,,,,,,,
2025-02-21,2.582,2.635,2.572,2.632,169327004.0,445.67,2.44,2.13,0.055,0.0,159845,中证1000ETF,2025-09-06 17:14:18,,,,,,,,,,,,,,,,,,,,,,,,
2025-02-20,2.563,2.588,2.553,2.577,336217958.0,866.43,1.37,0.59,0.015,0.0,159845,中证1000ETF,2025-09-06 17:14:18,,,,,,,,,,,,,,,,,,,,,,,,
2025-02-19,2.5,2.564,2.497,2.562,193324473.0,495.3,2.68,2.32,0.058,0.0,159845,中证1000ETF,2025-09-06 17:14:18,,,,,,,,,,,,,,,,,,,,,,,,
2025-02-18,2.557,2.56,2.492,2.504,244215774.0,611.52,2.66,-2.03,-0.052,0.0,159845,中证1000ETF,2025-09-06 17:14:18,,,,,,,,,,,,,,,,,,,,,,,,
2025-02-17,2.557,2.569,2.535,2.556,469305692.0,1199.55,1.34,0.47,0.012,0.0,159845,中证1000ETF,2025-09-06 17:14:18,,,,,,,,,,,,,,,,,,,,,,,,
2025-02-14,2.529,2.552,2.52,2.544,238494182.0,606.73,1.26,0.51,0.013,0.0,159845,中证1000ETF,2025-09-06 17:14:18,,,,,,,,,,,,,,,,,,,,,,,,
2025-02-13,2.558,2.561,2.53,2.531,177216297.0,448.53,1.21,-1.06,-0.027,0.0,159845,中证1000ETF,2025-09-06 17:14:18,,,,,,,,,,,,,,,,,,,,,,,,
2025-02-12,2.512,2.56,2.512,2.558,170345072.0,435.74,1.91,1.55,0.039,0.0,159845,中证1000ETF,2025-09-06 17:14:18,,,,,,,,,,,,,,,,,,,,,,,,
2025-02-11,2.528,2.535,2.501,2.519,236397433.0,595.49,1.34,-0.36,-0.009,0.0,159845,中证1000ETF,2025-09-06 17:14:18,,,,,,,,,,,,,,,,,,,,,,,,
2025-02-10,2.5,2.533,2.495,2.528,389864597.0,985.58,1.52,1.12,0.028,0.0,159845,中证1000ETF,2025-09-06 17:14:18,,,,,,,,,,,,,,,,,,,,,,,,
2025-02-07,2.462,2.532,2.458,2.5,528197083.0,1320.49,3.01,1.63,0.04,0.0,159845,中证1000ETF,2025-09-06 17:14:18,,,,,,,,,,,,,,,,,,,,,,,,
2025-02-06,2.387,2.465,2.383,2.46,167539003.0,412.15,3.42,2.71,0.065,0.0,159845,中证1000ETF,2025-09-06 17:14:18,,,,,,,,,,,,,,,,,,,,,,,,
2025-02-05,2.4,2.419,2.382,2.395,268523228.0,643.11,1.55,0.55,0.013,0.0,159845,中证1000ETF,2025-09-06 17:14:18,,,,,,,,,,,,,,,,,,,,,,,,
2025-01-27,2.426,2.436,2.381,2.382,338314432.0,805.86,2.27,-1.65,-0.04,0.0,159845,中证1000ETF,2025-09-06 17:14:18,,,,,,,,,,,,,,,,,,,,,,,,
2025-01-24,2.372,2.424,2.371,2.422,462222216.0,1119.5,2.23,1.85,0.044,0.0,159845,中证1000ETF,2025-09-06 17:14:18,,,,,,,,,,,,,,,,,,,,,,,,
2025-01-23,2.403,2.444,2.376,2.378,327285052.0,778.28,2.85,-0.42,-0.01,0.0,159845,中证1000ETF,2025-09-06 17:14:18,,,,,,,,,,,,,,,,,,,,,,,,
2025-01-22,2.392,2.401,2.373,2.388,352278117.0,841.24,1.16,-0.71,-0.017,0.0,159845,中证1000ETF,2025-09-06 17:14:18,,,,,,,,,,,,,,,,,,,,,,,,
2025-01-21,2.405,2.412,2.374,2.405,251301006.0,604.38,1.59,0.63,0.015,0.0,159845,中证1000ETF,2025-09-06 17:14:18,,,,,,,,,,,,,,,,,,,,,,,,
2025-01-20,2.399,2.416,2.386,2.39,232972833.0,556.81,1.26,0.42,0.01,0.0,159845,中证1000ETF,2025-09-06 17:14:18,,,,,,,,,,,,,,,,,,,,,,,,
2025-01-17,2.351,2.4,2.345,2.38,214237700.0,509.89,2.33,0.8,0.019,0.0,159845,中证1000ETF,2025-09-06 17:14:18,,,,,,,,,,,,,,,,,,,,,,,,
2025-01-16,2.366,2.409,2.342,2.361,377901702.0,892.23,2.85,0.43,0.01,0.0,159845,中证1000ETF,2025-09-06 17:14:18,,,,,,,,,,,,,,,,,,,,,,,,
2025-01-15,2.366,2.368,2.343,2.351,384160035.0,903.16,1.06,-0.76,-0.018,0.0,159845,中证1000ETF,2025-09-06 17:14:18,,,,,,,,,,,,,,,,,,,,,,,,
2025-01-14,2.266,2.372,2.265,2.369,529678599.0,1254.81,4.73,4.64,0.105,0.0,159845,中证1000ETF,2025-09-06 17:14:18,,,,,,,,,,,,,,,,,,,,,,,,
2025-01-13,2.247,2.283,2.225,2.264,240525070.0,544.55,2.57,0.18,0.004,0.0,159845,中证1000ETF,2025-09-06 17:14:18,,,,,,,,,,,,,,,,,,,,,,,,
2025-01-10,2.309,2.331,2.26,2.26,145515616.0,328.87,3.07,-2.21,-0.051,0.0,159845,中证1000ETF,2025-09-06 17:14:18,,,,,,,,,,,,,,,,,,,,,,,,
2025-01-09,2.292,2.327,2.288,2.311,267472129.0,618.13,1.69,0.22,0.005,0.0,159845,中证1000ETF,2025-09-06 17:14:18,,,,,,,,,,,,,,,,,,,,,,,,
2025-01-08,2.305,2.325,2.239,2.306,344075919.0,793.44,3.71,-0.43,-0.01,0.0,159845,中证1000ETF,2025-09-06 17:14:18,,,,,,,,,,,,,,,,,,,,,,,,
2025-01-07,2.28,2.318,2.271,2.316,387667798.0,897.84,2.06,1.49,0.034,0.0,159845,中证1000ETF,2025-09-06 17:14:18,,,,,,,,,,,,,,,,,,,,,,,,
2025-01-06,2.293,2.316,2.267,2.282,394384509.0,899.99,2.13,-0.78,-0.018,0.0,159845,中证1000ETF,2025-09-06 17:14:18,,,,,,,,,,,,,,,,,,,,,,,,
2025-01-03,2.362,2.37,2.286,2.3,429063563.0,986.85,3.56,-2.58,-0.061,0.0,159845,中证1000ETF,2025-09-06 17:14:18,,,,,,,,,,,,,,,,,,,,,,,,
2025-01-02,2.427,2.436,2.338,2.361,260108982.0,614.12,4.04,-2.68,-0.065,0.0,159845,中证1000ETF,2025-09-06 17:14:18,,,,,,,,,,,,,,,,,,,,,,,,
2024-12-31,2.506,2.513,2.423,2.426,258628589.0,627.43,3.59,-3.19,-0.08,0.0,159845,中证1000ETF,2025-09-06 17:14:18,,,,,,,,,,,,,,,,,,,,,,,,
2024-12-30,2.509,2.524,2.486,2.506,191348387.0,479.52,1.51,-0.28,-0.007,0.0,159845,中证1000ETF,2025-09-06 17:14:18,,,,,,,,,,,,,,,,,,,,,,,,
2024-12-27,2.508,2.549,2.497,2.513,177281719.0,445.51,2.07,0.12,0.003,0.0,159845,中证1000ETF,2025-09-06 17:14:18,,,,,,,,,,,,,,,,,,,,,,,,
2024-12-26,2.485,2.518,2.481,2.51,242815247.0,609.47,1.49,0.92,0.023,0.0,159845,中证1000ETF,2025-09-06 17:14:18,,,,,,,,,,,,,,,,,,,,,,,,
2024-12-25,2.508,2.508,2.461,2.487,367194756.0,913.21,1.87,-0.84,-0.021,0.0,159845,中证1000ETF,2025-09-06 17:14:18,,,,,,,,,,,,,,,,,,,,,,,,
2024-12-24,2.486,2.51,2.474,2.508,200134866.0,501.94,1.45,0.93,0.023,0.0,159845,中证1000ETF,2025-09-06 17:14:18,,,,,,,,,,,,,,,,,,,,,,,,
2024-12-23,2.543,2.555,2.482,2.485,204323549.0,507.74,2.86,-2.78,-0.071,0.0,159845,中证1000ETF,2025-09-06 17:14:18,,,,,,,,,,,,,,,,,,,,,,,,
2024-12-20,2.524,2.572,2.522,2.556,198510864.0,507.39,1.98,1.07,0.027,0.0,159845,中证1000ETF,2025-09-06 17:14:18,,,,,,,,,,,,,,,,,,,,,,,,
2024-12-19,2.49,2.537,2.486,2.529,182249392.0,460.91,2.02,0.28,0.007,0.0,159845,中证1000ETF,2025-09-06 17:14:18,,,,,,,,,,,,,,,,,,,,,,,,
2024-12-18,2.509,2.542,2.493,2.522,221662387.0,559.03,1.96,0.64,0.016,0.0,159845,中证1000ETF,2025-09-06 17:14:18,,,,,,,,,,,,,,,,,,,,,,,,
2024-12-17,2.552,2.555,2.499,2.506,299962796.0,751.71,2.19,-2.03,-0.052,0.0,159845,中证1000ETF,2025-09-06 17:14:18,,,,,,,,,,,,,,,,,,,,,,,,
2024-12-16,2.588,2.596,2.548,2.558,85089080.0,217.66,1.85,-1.39,-0.036,0.0,159845,中证1000ETF,2025-09-06 17:14:18,,,,,,,,,,,,,,,,,,,,,,,,
2024-12-13,2.621,2.63,2.588,2.594,478443591.0,1241.08,1.59,-1.89,-0.05,0.0,159845,中证1000ETF,2025-09-06 17:14:18,,,,,,,,,,,,,,,,,,,,,,,,
2024-12-12,2.626,2.646,2.6,2.644,275386563.0,728.12,1.75,0.76,0.02,0.0,159845,中证1000ETF,2025-09-06 17:14:18,,,,,,,,,,,,,,,,,,,,,,,,
2024-12-11,2.589,2.627,2.588,2.624,360279540.0,945.37,1.5,1.2,0.031,0.0,159845,中证1000ETF,2025-09-06 17:14:18,,,,,,,,,,,,,,,,,,,,,,,,
2024-12-10,2.66,2.665,2.583,2.593,531740461.0,1378.8,3.2,1.13,0.029,0.0,159845,中证1000ETF,2025-09-06 17:14:18,,,,,,,,,,,,,,,,,,,,,,,,
2024-12-09,2.583,2.594,2.545,2.564,307179911.0,787.61,1.89,-0.97,-0.025,0.0,159845,中证1000ETF,2025-09-06 17:14:18,,,,,,,,,,,,,,,,,,,,,,,,
2024-12-06,2.557,2.601,2.533,2.589,612720410.0,1586.33,2.66,1.17,0.03,0.0,159845,中证1000ETF,2025-09-06 17:14:18,,,,,,,,,,,,,,,,,,,,,,,,
2024-12-05,2.514,2.567,2.514,2.559,180033246.0,460.71,2.1,1.23,0.031,0.0,159845,中证1000ETF,2025-09-06 17:14:18,,,,,,,,,,,,,,,,,,,,,,,,
2024-12-04,2.557,2.565,2.516,2.528,283604676.0,716.95,1.91,-1.37,-0.035,0.0,159845,中证1000ETF,2025-09-06 17:14:18,,,,,,,,,,,,,,,,,,,,,,,,
2024-12-03,2.573,2.585,2.541,2.563,361212629.0,925.79,1.71,-0.31,-0.008,0.0,159845,中证1000ETF,2025-09-06 17:14:18,,,,,,,,,,,,,,,,,,,,,,,,
2024-12-02,2.522,2.582,2.518,2.571,172438629.0,443.34,2.54,1.94,0.049,0.0,159845,中证1000ETF,2025-09-06 17:14:18,,,,,,,,,,,,,,,,,,,,,,,,
2024-11-29,2.473,2.543,2.457,2.522,298482737.0,752.77,3.47,1.73,0.043,0.0,159845,中证1000ETF,2025-09-06 17:14:18,,,,,,,,,,,,,,,,,,,,,,,,
2024-11-28,2.49,2.51,2.474,2.479,198479040.0,492.03,1.44,-0.72,-0.018,0.0,159845,中证1000ETF,2025-09-06 17:14:18,,,,,,,,,,,,,,,,,,,,,,,,
2024-11-27,2.423,2.497,2.385,2.497,292787221.0,731.09,4.6,2.5,0.061,0.0,159845,中证1000ETF,2025-09-06 17:14:18,,,,,,,,,,,,,,,,,,,,,,,,
2024-11-26,2.459,2.484,2.431,2.436,222964992.0,543.14,2.15,-1.34,-0.033,0.0,159845,中证1000ETF,2025-09-06 17:14:18,,,,,,,,,,,,,,,,,,,,,,,,
2024-11-25,2.461,2.47,2.416,2.469,156005567.0,385.18,2.2,0.49,0.012,0.0,159845,中证1000ETF,2025-09-06 17:14:18,,,,,,,,,,,,,,,,,,,,,,,,
2024-11-22,2.542,2.556,2.45,2.457,195029579.0,479.19,4.16,-3.5,-0.089,0.0,159845,中证1000ETF,2025-09-06 17:14:18,,,,,,,,,,,,,,,,,,,,,,,,
2024-11-21,2.54,2.561,2.524,2.546,138660432.0,353.03,1.45,0.0,0.0,0.0,159845,中证1000ETF,2025-09-06 17:14:18,,,,,,,,,,,,,,,,,,,,,,,,
2024-11-20,2.485,2.549,2.482,2.546,399266560.0,1016.53,2.68,1.76,0.044,0.0,159845,中证1000ETF,2025-09-06 17:14:18,,,,,,,,,,,,,,,,,,,,,,,,
2024-11-19,2.43,2.502,2.422,2.502,292323567.0,731.39,3.29,2.88,0.07,0.0,159845,中证1000ETF,2025-09-06 17:14:18,,,,,,,,,,,,,,,,,,,,,,,,
2024-11-18,2.499,2.512,2.416,2.432,487275309.0,1185.05,3.84,-2.68,-0.067,0.0,159845,中证1000ETF,2025-09-06 17:14:18,,,,,,,,,,,,,,,,,,,,,,,,
2024-11-15,2.543,2.58,2.495,2.499,503841395.0,1259.1,3.32,-2.31,-0.059,0.0,159845,中证1000ETF,2025-09-06 17:14:18,,,,,,,,,,,,,,,,,,,,,,,,
2024-11-14,2.624,2.633,2.552,2.558,322450472.0,824.83,3.08,-2.85,-0.075,0.0,159845,中证1000ETF,2025-09-06 17:14:18,,,,,,,,,,,,,,,,,,,,,,,,
2024-11-13,2.641,2.651,2.587,2.633,222960119.0,587.05,2.42,-0.45,-0.012,0.0,159845,中证1000ETF,2025-09-06 17:14:18,,,,,,,,,,,,,,,,,,,,,,,,
2024-11-12,2.676,2.696,2.62,2.645,419695157.0,1110.09,2.84,-1.16,-0.031,0.0,159845,中证1000ETF,2025-09-06 17:14:18,,,,,,,,,,,,,,,,,,,,,,,,
2024-11-11,2.602,2.679,2.597,2.676,526701540.0,1409.45,3.13,2.25,0.059,0.0,159845,中证1000ETF,2025-09-06 17:14:18,,,,,,,,,,,,,,,,,,,,,,,,
2024-11-08,2.645,2.657,2.603,2.617,652511908.0,1707.62,2.07,0.31,0.008,0.0,159845,中证1000ETF,2025-09-06 17:14:18,,,,,,,,,,,,,,,,,,,,,,,,
2024-11-07,2.54,2.613,2.535,2.609,508455946.0,1326.56,3.04,1.68,0.043,0.0,159845,中证1000ETF,2025-09-06 17:14:18,,,,,,,,,,,,,,,,,,,,,,,,
2024-11-06,2.56,2.596,2.543,2.566,737922132.0,1893.51,2.07,0.43,0.011,0.0,159845,中证1000ETF,2025-09-06 17:14:18,,,,,,,,,,,,,,,,,,,,,,,,
2024-11-05,2.476,2.566,2.464,2.555,1088204532.0,2780.36,4.13,3.44,0.085,0.0,159845,中证1000ETF,2025-09-06 17:14:18,,,,,,,,,,,,,,,,,,,,,,,,
2024-11-04,2.41,2.47,2.408,2.47,215850733.0,533.15,2.57,2.4,0.058,0.0,159845,中证1000ETF,2025-09-06 17:14:18,,,,,,,,,,,,,,,,,,,,,,,,
2024-11-01,2.485,2.493,2.411,2.412,586719478.0,1415.17,3.29,-3.33,-0.083,0.0,159845,中证1000ETF,2025-09-06 17:14:18,,,,,,,,,,,,,,,,,,,,,,,,
2024-10-31,2.454,2.52,2.444,2.495,598951883.0,1494.38,3.1,1.71,0.042,0.0,159845,中证1000ETF,2025-09-06 17:14:18,,,,,,,,,,,,,,,,,,,,,,,,
2024-10-30,2.43,2.464,2.421,2.453,453668022.0,1112.85,1.76,0.45,0.011,0.0,159845,中证1000ETF,2025-09-06 17:14:18,,,,,,,,,,,,,,,,,,,,,,,,
2024-10-29,2.482,2.491,2.437,2.442,985518341.0,2406.64,2.18,-1.41,-0.035,0.0,159845,中证1000ETF,2025-09-06 17:14:18,,,,,,,,,,,,,,,,,,,,,,,,
2024-10-28,2.44,2.478,2.427,2.477,568665694.0,1408.58,2.09,1.56,0.038,0.0,159845,中证1000ETF,2025-09-06 17:14:18,,,,,,,,,,,,,,,,,,,,,,,,
2024-10-25,2.391,2.452,2.391,2.439,503683075.0,1228.48,2.55,2.14,0.051,0.0,159845,中证1000ETF,2025-09-06 17:14:18,,,,,,,,,,,,,,,,,,,,,,,,
2024-10-24,2.396,2.399,2.366,2.388,448498175.0,1071.01,1.37,-0.62,-0.015,0.0,159845,中证1000ETF,2025-09-06 17:14:18,,,,,,,,,,,,,,,,,,,,,,,,
2024-10-23,2.391,2.445,2.384,2.403,350365091.0,841.93,2.54,0.25,0.006,0.0,159845,中证1000ETF,2025-09-06 17:14:18,,,,,,,,,,,,,,,,,,,,,,,,
2024-10-22,2.382,2.417,2.367,2.397,760457583.0,1822.82,2.1,0.46,0.011,0.0,159845,中证1000ETF,2025-09-06 17:14:18,,,,,,,,,,,,,,,,,,,,,,,,
2024-10-21,2.345,2.423,2.34,2.386,828527491.0,1976.87,3.53,1.4,0.033,0.0,159845,中证1000ETF,2025-09-06 17:14:18,,,,,,,,,,,,,,,,,,,,,,,,
2024-10-18,2.24,2.414,2.233,2.353,1273919937.0,2997.53,8.08,5.09,0.114,0.0,159845,中证1000ETF,2025-09-06 17:14:18,,,,,,,,,,,,,,,,,,,,,,,,
2024-10-17,2.262,2.292,2.238,2.239,525796858.0,1177.26,2.4,-0.49,-0.011,0.0,159845,中证1000ETF,2025-09-06 17:14:18,,,,,,,,,,,,,,,,,,,,,,,,
2024-10-16,2.202,2.284,2.202,2.25,562708860.0,1266.09,3.66,0.54,0.012,0.0,159845,中证1000ETF,2025-09-06 17:14:18,,,,,,,,,,,,,,,,,,,,,,,,
2024-10-15,2.269,2.322,2.238,2.238,1052397915.0,2355.27,3.68,-2.06,-0.047,0.0,159845,中证1000ETF,2025-09-06 17:14:18,,,,,,,,,,,,,,,,,,,,,,,,
2024-10-14,2.21,2.293,2.175,2.285,1198262876.0,2738.03,5.36,3.72,0.082,0.0,159845,中证1000ETF,2025-09-06 17:14:18,,,,,,,,,,,,,,,,,,,,,,,,
2024-10-11,2.288,2.294,2.175,2.203,1157203617.0,2549.32,5.17,-4.22,-0.097,0.0,159845,中证1000ETF,2025-09-06 17:14:18,,,,,,,,,,,,,,,,,,,,,,,,
2024-10-10,2.33,2.4,2.283,2.3,882510857.0,2029.77,5.04,-0.86,-0.02,0.0,159845,中证1000ETF,2025-09-06 17:14:18,,,,,,,,,,,,,,,,,,,,,,,,
2024-10-09,2.44,2.49,2.305,2.32,1406083605.0,3262.11,7.27,-8.77,-0.223,0.0,159845,中证1000ETF,2025-09-06 17:14:18,,,,,,,,,,,,,,,,,,,,,,,,
2024-10-08,2.608,2.608,2.39,2.543,1528655687.0,3887.37,9.19,7.25,0.172,0.0,159845,中证1000ETF,2025-09-06 17:14:18,,,,,,,,,,,,,,,,,,,,,,,,
2024-09-30,2.22,2.371,2.169,2.371,1765837642.0,4186.8,9.37,10.02,0.216,0.0,159845,中证1000ETF,2025-09-06 17:14:18,,,,,,,,,,,,,,,,,,,,,,,,
2024-09-27,2.022,2.18,2.014,2.155,2769231835.0,5967.69,8.33,8.18,0.163,0.0,159845,中证1000ETF,2025-09-06 17:14:18,,,,,,,,,,,,,,,,,,,,,,,,
2024-09-26,1.9,1.992,1.9,1.992,913929259.0,1820.55,4.82,4.35,0.083,0.0,159845,中证1000ETF,2025-09-06 17:14:18,,,,,,,,,,,,,,,,,,,,,,,,
2024-09-25,1.914,1.956,1.907,1.909,510612045.0,974.76,2.58,0.69,0.013,0.0,159845,中证1000ETF,2025-09-06 17:14:18,,,,,,,,,,,,,,,,,,,,,,,,
2024-09-24,1.835,1.896,1.818,1.896,892406515.0,1692.0,4.29,4.23,0.077,0.0,159845,中证1000ETF,2025-09-06 17:14:18,,,,,,,,,,,,,,,,,,,,,,,,
2024-09-23,1.812,1.841,1.808,1.819,221730327.0,403.33,1.82,0.22,0.004,0.0,159845,中证1000ETF,2025-09-06 17:14:18,,,,,,,,,,,,,,,,,,,,,,,,
2024-09-20,1.824,1.827,1.802,1.815,651593591.0,1182.64,1.37,-0.77,-0.014,0.0,159845,中证1000ETF,2025-09-06 17:14:18,,,,,,,,,,,,,,,,,,,,,,,,
2024-09-19,1.796,1.847,1.785,1.829,464999019.0,850.48,3.46,2.06,0.037,0.0,159845,中证1000ETF,2025-09-06 17:14:18,,,,,,,,,,,,,,,,,,,,,,,,
2024-09-18,1.802,1.803,1.767,1.792,207701314.0,372.2,2.0,-0.5,-0.009,0.0,159845,中证1000ETF,2025-09-06 17:14:18,,,,,,,,,,,,,,,,,,,,,,,,
2024-09-13,1.817,1.826,1.799,1.801,169817514.0,305.84,1.48,-1.04,-0.019,0.0,159845,中证1000ETF,2025-09-06 17:14:18,,,,,,,,,,,,,,,,,,,,,,,,
2024-09-12,1.83,1.852,1.819,1.82,236495047.0,430.42,1.8,-0.6,-0.011,0.0,159845,中证1000ETF,2025-09-06 17:14:18,,,,,,,,,,,,,,,,,,,,,,,,
2024-09-11,1.816,1.835,1.814,1.831,567309609.0,1038.74,1.15,0.11,0.002,0.0,159845,中证1000ETF,2025-09-06 17:14:18,,,,,,,,,,,,,,,,,,,,,,,,
2024-09-10,1.825,1.838,1.791,1.829,276969515.0,506.58,2.58,0.44,0.008,0.0,159845,中证1000ETF,2025-09-06 17:14:18,,,,,,,,,,,,,,,,,,,,,,,,
2024-09-09,1.833,1.844,1.815,1.821,192797102.0,351.08,1.58,-0.82,-0.015,0.0,159845,中证1000ETF,2025-09-06 17:14:18,,,,,,,,,,,,,,,,,,,,,,,,
2024-09-06,1.869,1.874,1.833,1.836,354665348.0,651.17,0.0,0.0,0.0,0.0,159845,中证1000ETF,2025-09-06 17:14:18,,,,,,,,,,,,,,,,,,,,,,,,
