日期,开盘,最高,最低,收盘,成交量,成交额,振幅,涨跌幅,涨跌额,换手率,ETF代码,ETF名称,爬取时间,折溢价率,IOPV,前收盘,量比,委比,外盘,内盘,主力净流入-净额,主力净流入-净占比,超大单净流入-净额,超大单净流入-净占比,大单净流入-净额,大单净流入-净占比,中单净流入-净额,中单净流入-净占比,小单净流入-净额,小单净流入-净占比,现手,买一,卖一,最新份额,流通市值,总市值,更新时间
2025-09-22,3.068,3.082,3.026,3.082,1382078742.0,42595666.83,1.83,0.46,0.014,,159915,创业板ETF,2025-09-22 21:52:51,,,,,,,,,,,,,,,,,,,,,,,,
2025-09-19,3.067,3.101,3.046,3.062,1712231771.0,52428536.83,1.79,-0.16,-0.005,,159915,创业板ETF,2025-09-19 18:14:22,,,,,,,,,,,,,,,,,,,,,,,,
2025-09-18,3.115,3.141,3.024,3.067,2719063197.0,83393668.25,3.75,-1.67,-0.052,,159915,创业板ETF,2025-09-19 18:14:22,,,,,,,,,,,,,,,,,,,,,,,,
2025-09-17,3.055,3.125,3.036,3.119,1668757276.0,52048539.44,2.91,2.09,0.064,,159915,创业板ETF,2025-09-19 18:14:22,,,,,,,,,,,,,,,,,,,,,,,,
2025-09-16,3.039,3.064,2.993,3.059,1888634980.0,57773344.04,2.34,0.66,0.02,,159915,创业板ETF,2025-09-18 22:22:51,,,,,,,,,,,,,,,,,,,,,,,,
2025-09-12,3.01,3.033,2.982,2.995,212536.23,6394148105.646,1.69,-0.99,-0.03,6.17,159915,创业板ETF,2025-09-12 22:21:36,0.06,2.9967,3.025,0.93,29.41,11030734.0,10222889.0,-455798176.0,-7.13,-555678352.0,-8.69,99880176.0,1.56,193909840.0,3.03,261888336.0,4.1,-166053.0,2.995,2.996,34474455040.0,103250992845.0,103250992845.0,2025-09-12 15:34:42+08:00
2025-09-11,2.883,3.027,2.871,3.025,2629737283.0,79549552.81,0.0,0.0,0.0,0.0,159915,创业板ETF,2025-09-11 22:22:15,0.0,,,,,,,,,,,,,,,,,,,,,,,
2025-09-10,2.857,2.9,2.833,2.875,1859579380.0,53462907.18,0.0,0.0,0.0,0.0,159915,创业板ETF,2025-09-10 22:21:27,0.0,,,,,,,,,,,,,,,,,,,,,,,
2025-09-09,2.866,2.898,2.818,2.845,1704675452.0,48498016.61,0.0,0.0,0.0,0.0,159915,创业板ETF,2025-09-09 18:27:56,,,,,,,,,,,,,,,,,,,,,,,,
2025-09-08,2.946,2.951,2.856,2.908,2496878153.0,72609216.69,0.0,0.0,0.0,0.0,159915,创业板ETF,2025-09-08 18:27:51,,,,,,,,,,,,,,,,,,,,,,,,
2025-09-05,2.75,2.947,2.749,2.944,2742078899.0,8072.68,7.2,7.02,0.193,0.0,159915,创业板ETF,2025-09-06 17:14:18,,,,,,,,,,,,,,,,,,,,,,,,
2025-09-04,2.899,2.93,2.716,2.751,3504601930.0,9641.16,7.46,-4.15,-0.119,0.0,159915,创业板ETF,2025-09-06 17:14:18,,,,,,,,,,,,,,,,,,,,,,,,
2025-09-03,2.852,2.899,2.832,2.87,2918703247.0,8376.68,2.35,0.77,0.022,0.0,159915,创业板ETF,2025-09-06 17:14:18,,,,,,,,,,,,,,,,,,,,,,,,
2025-09-02,2.922,2.954,2.815,2.848,3020220527.0,8601.59,4.75,-2.7,-0.079,0.0,159915,创业板ETF,2025-09-06 17:14:18,,,,,,,,,,,,,,,,,,,,,,,,
2025-09-01,2.88,2.932,2.859,2.927,2064101171.0,6041.62,2.55,2.16,0.062,0.0,159915,创业板ETF,2025-09-06 17:14:18,,,,,,,,,,,,,,,,,,,,,,,,
2025-08-29,2.799,2.909,2.78,2.865,2476060762.0,7093.91,4.6,2.1,0.059,0.0,159915,创业板ETF,2025-09-06 17:14:18,,,,,,,,,,,,,,,,,,,,,,,,
2025-08-28,2.68,2.807,2.677,2.806,2682020771.0,7525.75,4.82,4.08,0.11,0.0,159915,创业板ETF,2025-09-06 17:14:18,,,,,,,,,,,,,,,,,,,,,,,,
2025-08-27,2.716,2.796,2.696,2.696,2943477589.0,7935.62,3.68,-0.74,-0.02,0.0,159915,创业板ETF,2025-09-06 17:14:18,,,,,,,,,,,,,,,,,,,,,,,,
2025-08-26,2.727,2.75,2.702,2.716,2091832159.0,5681.42,1.75,-0.77,-0.021,0.0,159915,创业板ETF,2025-09-06 17:14:18,,,,,,,,,,,,,,,,,,,,,,,,
2025-08-25,2.693,2.76,2.675,2.737,2751414023.0,7530.62,3.19,2.82,0.075,0.0,159915,创业板ETF,2025-09-06 17:14:18,,,,,,,,,,,,,,,,,,,,,,,,
2025-08-22,2.566,2.663,2.563,2.662,2165908940.0,5765.65,3.89,3.5,0.09,0.0,159915,创业板ETF,2025-09-06 17:14:18,,,,,,,,,,,,,,,,,,,,,,,,
2025-08-21,2.589,2.605,2.558,2.572,1882804391.0,4842.57,1.82,-0.62,-0.016,0.0,159915,创业板ETF,2025-09-06 17:14:18,,,,,,,,,,,,,,,,,,,,,,,,
2025-08-20,2.551,2.588,2.524,2.588,2059444126.0,5329.84,2.49,0.5,0.013,0.0,159915,创业板ETF,2025-09-06 17:14:18,,,,,,,,,,,,,,,,,,,,,,,,
2025-08-19,2.575,2.61,2.561,2.575,1635409032.0,4211.18,1.9,-0.27,-0.007,0.0,159915,创业板ETF,2025-09-06 17:14:18,,,,,,,,,,,,,,,,,,,,,,,,
2025-08-18,2.52,2.608,2.504,2.582,2296931519.0,5930.68,4.15,2.91,0.073,0.0,159915,创业板ETF,2025-09-06 17:14:18,,,,,,,,,,,,,,,,,,,,,,,,
2025-08-15,2.435,2.518,2.435,2.509,1427117283.0,3580.64,3.39,2.58,0.063,0.0,159915,创业板ETF,2025-09-06 17:14:18,,,,,,,,,,,,,,,,,,,,,,,,
2025-08-14,2.473,2.489,2.438,2.446,1489282660.0,3642.79,2.06,-1.09,-0.027,0.0,159915,创业板ETF,2025-09-06 17:14:18,,,,,,,,,,,,,,,,,,,,,,,,
2025-08-13,2.395,2.475,2.391,2.473,1897685098.0,4692.98,3.52,3.69,0.088,0.0,159915,创业板ETF,2025-09-06 17:14:18,,,,,,,,,,,,,,,,,,,,,,,,
2025-08-12,2.358,2.385,2.345,2.385,1112049474.0,2652.24,1.7,1.19,0.028,0.0,159915,创业板ETF,2025-09-06 17:14:18,,,,,,,,,,,,,,,,,,,,,,,,
2025-08-11,2.317,2.362,2.312,2.357,1159751841.0,2733.54,2.16,1.95,0.045,0.0,159915,创业板ETF,2025-09-06 17:14:18,,,,,,,,,,,,,,,,,,,,,,,,
2025-08-08,2.314,2.331,2.307,2.312,746176413.0,1725.16,1.03,-0.34,-0.008,0.0,159915,创业板ETF,2025-09-06 17:14:18,,,,,,,,,,,,,,,,,,,,,,,,
2025-08-07,2.338,2.35,2.3,2.32,1103568855.0,2560.28,2.14,-0.68,-0.016,0.0,159915,创业板ETF,2025-09-06 17:14:18,,,,,,,,,,,,,,,,,,,,,,,,
2025-08-06,2.314,2.338,2.312,2.336,869174240.0,2030.39,1.12,0.69,0.016,0.0,159915,创业板ETF,2025-09-06 17:14:18,,,,,,,,,,,,,,,,,,,,,,,,
2025-08-05,2.326,2.328,2.3,2.32,1046431524.0,2427.72,1.21,0.3,0.007,0.0,159915,创业板ETF,2025-09-06 17:14:18,,,,,,,,,,,,,,,,,,,,,,,,
2025-08-04,2.285,2.313,2.282,2.313,765103895.0,1769.69,1.35,0.43,0.01,0.0,159915,创业板ETF,2025-09-06 17:14:18,,,,,,,,,,,,,,,,,,,,,,,,
2025-08-01,2.296,2.324,2.281,2.303,1137125338.0,2618.8,1.87,0.09,0.002,0.0,159915,创业板ETF,2025-09-06 17:14:18,,,,,,,,,,,,,,,,,,,,,,,,
2025-07-31,2.354,2.37,2.299,2.301,1980383619.0,4556.86,3.03,-1.88,-0.044,0.0,159915,创业板ETF,2025-09-06 17:14:18,,,,,,,,,,,,,,,,,,,,,,,,
2025-07-30,2.378,2.378,2.325,2.345,1795294339.0,4209.97,2.22,-1.59,-0.038,0.0,159915,创业板ETF,2025-09-06 17:14:18,,,,,,,,,,,,,,,,,,,,,,,,
2025-07-29,2.338,2.384,2.332,2.383,1042305253.0,2483.81,2.22,1.75,0.041,0.0,159915,创业板ETF,2025-09-06 17:14:18,,,,,,,,,,,,,,,,,,,,,,,,
2025-07-28,2.322,2.344,2.311,2.342,864799530.0,2025.36,1.42,1.04,0.024,0.0,159915,创业板ETF,2025-09-06 17:14:18,,,,,,,,,,,,,,,,,,,,,,,,
2025-07-25,2.326,2.326,2.308,2.318,761029232.0,1764.07,0.77,-0.3,-0.007,0.0,159915,创业板ETF,2025-09-06 17:14:18,,,,,,,,,,,,,,,,,,,,,,,,
2025-07-24,2.297,2.325,2.291,2.325,1034695230.0,2405.67,1.49,1.66,0.038,0.0,159915,创业板ETF,2025-09-06 17:14:18,,,,,,,,,,,,,,,,,,,,,,,,
2025-07-23,2.288,2.31,2.281,2.287,1233562231.0,2821.16,1.27,-0.09,-0.002,0.0,159915,创业板ETF,2025-09-06 17:14:18,,,,,,,,,,,,,,,,,,,,,,,,
2025-07-22,2.274,2.291,2.267,2.289,1078462481.0,2468.6,1.05,0.62,0.014,0.0,159915,创业板ETF,2025-09-06 17:14:18,,,,,,,,,,,,,,,,,,,,,,,,
2025-07-21,2.258,2.275,2.251,2.275,991144198.0,2254.85,1.07,1.02,0.023,0.0,159915,创业板ETF,2025-09-06 17:14:18,,,,,,,,,,,,,,,,,,,,,,,,
2025-07-18,2.256,2.274,2.241,2.252,944040957.0,2125.98,1.47,0.22,0.005,0.0,159915,创业板ETF,2025-09-06 17:14:18,,,,,,,,,,,,,,,,,,,,,,,,
2025-07-17,2.205,2.247,2.204,2.247,961569362.0,2160.65,1.95,1.86,0.041,0.0,159915,创业板ETF,2025-09-06 17:14:18,,,,,,,,,,,,,,,,,,,,,,,,
2025-07-16,2.217,2.237,2.205,2.206,801457056.0,1768.01,1.45,-0.27,-0.006,0.0,159915,创业板ETF,2025-09-06 17:14:18,,,,,,,,,,,,,,,,,,,,,,,,
2025-07-15,2.184,2.223,2.184,2.212,1427317746.0,3157.23,1.79,1.61,0.035,0.0,159915,创业板ETF,2025-09-06 17:14:18,,,,,,,,,,,,,,,,,,,,,,,,
2025-07-14,2.18,2.187,2.167,2.177,666132475.0,1450.17,0.92,-0.37,-0.008,0.0,159915,创业板ETF,2025-09-06 17:14:18,,,,,,,,,,,,,,,,,,,,,,,,
2025-07-11,2.169,2.202,2.159,2.185,1141929926.0,2495.12,1.98,0.74,0.016,0.0,159915,创业板ETF,2025-09-06 17:14:18,,,,,,,,,,,,,,,,,,,,,,,,
2025-07-10,2.17,2.179,2.153,2.169,845535637.0,1833.97,1.2,0.28,0.006,0.0,159915,创业板ETF,2025-09-06 17:14:18,,,,,,,,,,,,,,,,,,,,,,,,
2025-07-09,2.157,2.183,2.155,2.163,1122364524.0,2427.67,1.3,0.19,0.004,0.0,159915,创业板ETF,2025-09-06 17:14:18,,,,,,,,,,,,,,,,,,,,,,,,
2025-07-08,2.109,2.161,2.107,2.159,1259122742.0,2718.45,2.56,2.32,0.049,0.0,159915,创业板ETF,2025-09-06 17:14:18,,,,,,,,,,,,,,,,,,,,,,,,
2025-07-07,2.126,2.134,2.106,2.11,763151365.0,1610.25,1.31,-1.08,-0.023,0.0,159915,创业板ETF,2025-09-06 17:14:18,,,,,,,,,,,,,,,,,,,,,,,,
2025-07-04,2.141,2.167,2.131,2.133,1077084673.0,2297.42,1.68,-0.37,-0.008,0.0,159915,创业板ETF,2025-09-06 17:14:18,,,,,,,,,,,,,,,,,,,,,,,,
2025-07-03,2.11,2.147,2.108,2.141,1043751582.0,2234.67,1.85,1.76,0.037,0.0,159915,创业板ETF,2025-09-06 17:14:18,,,,,,,,,,,,,,,,,,,,,,,,
2025-07-02,2.123,2.123,2.097,2.104,686930771.0,1445.3,1.22,-1.03,-0.022,0.0,159915,创业板ETF,2025-09-06 17:14:18,,,,,,,,,,,,,,,,,,,,,,,,
2025-07-01,2.128,2.131,2.112,2.126,675800751.0,1436.75,0.89,-0.33,-0.007,0.0,159915,创业板ETF,2025-09-06 17:14:18,,,,,,,,,,,,,,,,,,,,,,,,
2025-06-30,2.11,2.134,2.106,2.133,1063413134.0,2268.26,1.33,1.52,0.032,0.0,159915,创业板ETF,2025-09-06 17:14:18,,,,,,,,,,,,,,,,,,,,,,,,
2025-06-27,2.1,2.125,2.091,2.101,1132678036.0,2379.76,1.62,0.38,0.008,0.0,159915,创业板ETF,2025-09-06 17:14:18,,,,,,,,,,,,,,,,,,,,,,,,
2025-06-26,2.109,2.121,2.092,2.093,1104073901.0,2310.83,1.38,-0.76,-0.016,0.0,159915,创业板ETF,2025-09-06 17:14:18,,,,,,,,,,,,,,,,,,,,,,,,
2025-06-25,2.05,2.113,2.05,2.109,1638197267.0,3454.96,3.08,3.18,0.065,0.0,159915,创业板ETF,2025-09-06 17:14:18,,,,,,,,,,,,,,,,,,,,,,,,
2025-06-24,2.004,2.044,2.003,2.044,1238842943.0,2532.19,2.05,2.3,0.046,0.0,159915,创业板ETF,2025-09-06 17:14:18,,,,,,,,,,,,,,,,,,,,,,,,
2025-06-23,1.98,2.001,1.975,1.998,606865720.0,1212.52,1.31,0.5,0.01,0.0,159915,创业板ETF,2025-09-06 17:14:18,,,,,,,,,,,,,,,,,,,,,,,,
2025-06-20,2.005,2.015,1.987,1.988,592674400.0,1178.24,1.4,-0.85,-0.017,0.0,159915,创业板ETF,2025-09-06 17:14:18,,,,,,,,,,,,,,,,,,,,,,,,
2025-06-19,2.028,2.036,2.0,2.005,698947902.0,1401.39,1.77,-1.43,-0.029,0.0,159915,创业板ETF,2025-09-06 17:14:18,,,,,,,,,,,,,,,,,,,,,,,,
2025-06-18,2.027,2.038,2.017,2.034,493112727.0,1002.99,1.04,0.3,0.006,0.0,159915,创业板ETF,2025-09-06 17:14:18,,,,,,,,,,,,,,,,,,,,,,,,
2025-06-17,2.04,2.041,2.023,2.028,425257474.0,862.42,0.88,-0.44,-0.009,0.0,159915,创业板ETF,2025-09-06 17:14:18,,,,,,,,,,,,,,,,,,,,,,,,
2025-06-16,2.019,2.039,2.016,2.037,497644794.0,1013.7,1.14,0.84,0.017,0.0,159915,创业板ETF,2025-09-06 17:14:18,,,,,,,,,,,,,,,,,,,,,,,,
2025-06-13,2.033,2.042,2.015,2.02,730211530.0,1475.03,1.32,-0.98,-0.02,0.0,159915,创业板ETF,2025-09-06 17:14:18,,,,,,,,,,,,,,,,,,,,,,,,
2025-06-12,2.033,2.052,2.027,2.04,612476040.0,1249.45,1.23,0.1,0.002,0.0,159915,创业板ETF,2025-09-06 17:14:18,,,,,,,,,,,,,,,,,,,,,,,,
2025-06-11,2.016,2.053,2.016,2.038,873272046.0,1779.73,1.84,1.29,0.026,0.0,159915,创业板ETF,2025-09-06 17:14:18,,,,,,,,,,,,,,,,,,,,,,,,
2025-06-10,2.034,2.041,1.999,2.012,938502285.0,1888.27,2.06,-1.08,-0.022,0.0,159915,创业板ETF,2025-09-06 17:14:18,,,,,,,,,,,,,,,,,,,,,,,,
2025-06-09,2.02,2.051,2.02,2.034,844534684.0,1717.78,1.54,0.84,0.017,0.0,159915,创业板ETF,2025-09-06 17:14:18,,,,,,,,,,,,,,,,,,,,,,,,
2025-06-06,2.022,2.027,2.01,2.017,514750401.0,1038.25,0.84,-0.3,-0.006,0.0,159915,创业板ETF,2025-09-06 17:14:18,,,,,,,,,,,,,,,,,,,,,,,,
2025-06-05,2.001,2.029,1.989,2.023,808452949.0,1635.5,2.0,1.15,0.023,0.0,159915,创业板ETF,2025-09-06 17:14:18,,,,,,,,,,,,,,,,,,,,,,,,
2025-06-04,1.983,2.006,1.982,2.0,738909333.0,1477.82,1.21,1.16,0.023,0.0,159915,创业板ETF,2025-09-06 17:14:18,,,,,,,,,,,,,,,,,,,,,,,,
2025-06-03,1.961,1.987,1.96,1.977,575877829.0,1138.51,1.37,0.25,0.005,0.0,159915,创业板ETF,2025-09-06 17:14:18,,,,,,,,,,,,,,,,,,,,,,,,
2025-05-30,1.98,1.98,1.963,1.972,661225455.0,1303.94,0.85,-0.85,-0.017,0.0,159915,创业板ETF,2025-09-06 17:14:18,,,,,,,,,,,,,,,,,,,,,,,,
2025-05-29,1.962,1.991,1.961,1.989,934137946.0,1858.0,1.53,1.53,0.03,0.0,159915,创业板ETF,2025-09-06 17:14:18,,,,,,,,,,,,,,,,,,,,,,,,
2025-05-28,1.969,1.975,1.956,1.959,719516754.0,1409.53,0.97,-0.41,-0.008,0.0,159915,创业板ETF,2025-09-06 17:14:18,,,,,,,,,,,,,,,,,,,,,,,,
2025-05-27,1.976,1.976,1.957,1.967,746429114.0,1468.23,0.96,-0.51,-0.01,0.0,159915,创业板ETF,2025-09-06 17:14:18,,,,,,,,,,,,,,,,,,,,,,,,
2025-05-26,1.99,1.997,1.965,1.977,753296212.0,1489.27,1.6,-0.85,-0.017,0.0,159915,创业板ETF,2025-09-06 17:14:18,,,,,,,,,,,,,,,,,,,,,,,,
2025-05-23,2.015,2.03,1.994,1.994,727237904.0,1450.11,1.79,-1.09,-0.022,0.0,159915,创业板ETF,2025-09-06 17:14:18,,,,,,,,,,,,,,,,,,,,,,,,
2025-05-22,2.036,2.037,2.014,2.016,561539403.0,1132.06,1.13,-0.88,-0.018,0.0,159915,创业板ETF,2025-09-06 17:14:18,,,,,,,,,,,,,,,,,,,,,,,,
2025-05-21,2.02,2.047,2.019,2.034,1024128512.0,2083.08,1.39,0.79,0.016,0.0,159915,创业板ETF,2025-09-06 17:14:18,,,,,,,,,,,,,,,,,,,,,,,,
2025-05-20,2.009,2.031,1.997,2.018,784444646.0,1583.01,1.7,0.8,0.016,0.0,159915,创业板ETF,2025-09-06 17:14:18,,,,,,,,,,,,,,,,,,,,,,,,
2025-05-19,2.006,2.008,1.988,2.002,737994990.0,1477.47,1.0,-0.3,-0.006,0.0,159915,创业板ETF,2025-09-06 17:14:18,,,,,,,,,,,,,,,,,,,,,,,,
2025-05-16,2.006,2.02,2.005,2.008,594697516.0,1194.15,0.75,-0.2,-0.004,0.0,159915,创业板ETF,2025-09-06 17:14:18,,,,,,,,,,,,,,,,,,,,,,,,
2025-05-15,2.046,2.047,2.012,2.012,853339514.0,1716.92,1.7,-2.04,-0.042,0.0,159915,创业板ETF,2025-09-06 17:14:18,,,,,,,,,,,,,,,,,,,,,,,,
2025-05-14,2.032,2.074,2.021,2.054,1221065338.0,2508.07,2.61,1.18,0.024,0.0,159915,创业板ETF,2025-09-06 17:14:18,,,,,,,,,,,,,,,,,,,,,,,,
2025-05-13,2.062,2.065,2.027,2.03,1095212169.0,2223.28,1.87,-0.34,-0.007,0.0,159915,创业板ETF,2025-09-06 17:14:18,,,,,,,,,,,,,,,,,,,,,,,,
2025-05-12,2.013,2.037,2.007,2.037,1558494886.0,3174.65,1.51,2.67,0.053,0.0,159915,创业板ETF,2025-09-06 17:14:18,,,,,,,,,,,,,,,,,,,,,,,,
2025-05-09,2.0,2.001,1.975,1.984,820913201.0,1628.69,1.3,-0.85,-0.017,0.0,159915,创业板ETF,2025-09-06 17:14:18,,,,,,,,,,,,,,,,,,,,,,,,
2025-05-08,1.963,2.006,1.961,2.001,1580404668.0,3162.39,2.29,1.73,0.034,0.0,159915,创业板ETF,2025-09-06 17:14:18,,,,,,,,,,,,,,,,,,,,,,,,
2025-05-07,1.995,2.007,1.953,1.967,1734873221.0,3412.5,2.76,0.46,0.009,0.0,159915,创业板ETF,2025-09-06 17:14:18,,,,,,,,,,,,,,,,,,,,,,,,
2025-05-06,1.936,1.959,1.935,1.958,1039514455.0,2035.37,1.25,1.93,0.037,0.0,159915,创业板ETF,2025-09-06 17:14:18,,,,,,,,,,,,,,,,,,,,,,,,
2025-04-30,1.905,1.926,1.904,1.921,1065559528.0,2046.94,1.16,0.95,0.018,0.0,159915,创业板ETF,2025-09-06 17:14:18,,,,,,,,,,,,,,,,,,,,,,,,
2025-04-29,1.902,1.912,1.895,1.903,679507027.0,1293.1,0.89,-0.16,-0.003,0.0,159915,创业板ETF,2025-09-06 17:14:18,,,,,,,,,,,,,,,,,,,,,,,,
2025-04-28,1.918,1.921,1.901,1.906,699126100.0,1332.53,1.04,-0.73,-0.014,0.0,159915,创业板ETF,2025-09-06 17:14:18,,,,,,,,,,,,,,,,,,,,,,,,
2025-04-25,1.913,1.932,1.908,1.92,1202452000.0,2308.71,1.26,0.68,0.013,0.0,159915,创业板ETF,2025-09-06 17:14:18,,,,,,,,,,,,,,,,,,,,,,,,
2025-04-24,1.916,1.929,1.902,1.907,1220739638.0,2327.95,1.41,-0.63,-0.012,0.0,159915,创业板ETF,2025-09-06 17:14:18,,,,,,,,,,,,,,,,,,,,,,,,
2025-04-23,1.917,1.933,1.906,1.919,1517964084.0,2912.97,1.42,1.05,0.02,0.0,159915,创业板ETF,2025-09-06 17:14:18,,,,,,,,,,,,,,,,,,,,,,,,
2025-04-22,1.903,1.911,1.895,1.899,868982666.0,1650.2,0.84,-0.47,-0.009,0.0,159915,创业板ETF,2025-09-06 17:14:18,,,,,,,,,,,,,,,,,,,,,,,,
2025-04-21,1.874,1.91,1.865,1.908,1228790651.0,2344.53,2.4,1.6,0.03,0.0,159915,创业板ETF,2025-09-06 17:14:18,,,,,,,,,,,,,,,,,,,,,,,,
2025-04-18,1.865,1.881,1.862,1.878,888856981.0,1669.27,1.01,0.27,0.005,0.0,159915,创业板ETF,2025-09-06 17:14:18,,,,,,,,,,,,,,,,,,,,,,,,
2025-04-17,1.859,1.887,1.856,1.873,1108408392.0,2076.05,1.66,0.16,0.003,0.0,159915,创业板ETF,2025-09-06 17:14:18,,,,,,,,,,,,,,,,,,,,,,,,
2025-04-16,1.885,1.885,1.844,1.87,1728180934.0,3231.7,2.17,-1.22,-0.023,0.0,159915,创业板ETF,2025-09-06 17:14:18,,,,,,,,,,,,,,,,,,,,,,,,
2025-04-15,1.895,1.903,1.881,1.893,994336404.0,1882.28,1.16,-0.11,-0.002,0.0,159915,创业板ETF,2025-09-06 17:14:18,,,,,,,,,,,,,,,,,,,,,,,,
2025-04-14,1.915,1.919,1.892,1.895,1303328059.0,2469.81,1.43,0.16,0.003,0.0,159915,创业板ETF,2025-09-06 17:14:18,,,,,,,,,,,,,,,,,,,,,,,,
2025-04-11,1.845,1.907,1.844,1.892,1860534888.0,3520.13,3.38,1.56,0.029,0.0,159915,创业板ETF,2025-09-06 17:14:18,,,,,,,,,,,,,,,,,,,,,,,,
2025-04-10,1.88,1.908,1.86,1.863,2909461825.0,5420.33,2.63,2.19,0.04,0.0,159915,创业板ETF,2025-09-06 17:14:18,,,,,,,,,,,,,,,,,,,,,,,,
2025-04-09,1.762,1.838,1.743,1.823,3192985707.0,5820.81,5.27,1.05,0.019,0.0,159915,创业板ETF,2025-09-06 17:14:18,,,,,,,,,,,,,,,,,,,,,,,,
2025-04-08,1.792,1.844,1.777,1.804,2929732212.0,5285.24,3.77,1.63,0.029,0.0,159915,创业板ETF,2025-09-06 17:14:18,,,,,,,,,,,,,,,,,,,,,,,,
2025-04-07,1.93,1.931,1.721,1.775,6950586760.0,12337.29,10.36,-12.43,-0.252,0.0,159915,创业板ETF,2025-09-06 17:14:18,,,,,,,,,,,,,,,,,,,,,,,,
2025-04-03,2.042,2.057,2.018,2.027,1562642278.0,3167.48,1.89,-1.79,-0.037,0.0,159915,创业板ETF,2025-09-06 17:14:18,,,,,,,,,,,,,,,,,,,,,,,,
2025-04-02,2.062,2.081,2.057,2.064,730318817.0,1507.38,1.16,0.1,0.002,0.0,159915,创业板ETF,2025-09-06 17:14:18,,,,,,,,,,,,,,,,,,,,,,,,
2025-04-01,2.067,2.087,2.06,2.062,930483877.0,1918.66,1.31,-0.1,-0.002,0.0,159915,创业板ETF,2025-09-06 17:14:18,,,,,,,,,,,,,,,,,,,,,,,,
2025-03-31,2.079,2.083,2.047,2.064,1231822143.0,2542.48,1.72,-1.2,-0.025,0.0,159915,创业板ETF,2025-09-06 17:14:18,,,,,,,,,,,,,,,,,,,,,,,,
2025-03-28,2.101,2.112,2.087,2.089,816200600.0,1705.04,1.19,-0.67,-0.014,0.0,159915,创业板ETF,2025-09-06 17:14:18,,,,,,,,,,,,,,,,,,,,,,,,
2025-03-27,2.093,2.125,2.076,2.103,934864047.0,1966.02,2.34,0.24,0.005,0.0,159915,创业板ETF,2025-09-06 17:14:18,,,,,,,,,,,,,,,,,,,,,,,,
2025-03-26,2.1,2.117,2.097,2.098,883948452.0,1854.52,0.95,-0.33,-0.007,0.0,159915,创业板ETF,2025-09-06 17:14:18,,,,,,,,,,,,,,,,,,,,,,,,
2025-03-25,2.112,2.123,2.094,2.105,933635170.0,1965.3,1.37,-0.33,-0.007,0.0,159915,创业板ETF,2025-09-06 17:14:18,,,,,,,,,,,,,,,,,,,,,,,,
2025-03-24,2.11,2.118,2.084,2.112,942742271.0,1991.07,1.61,0.0,0.0,0.0,159915,创业板ETF,2025-09-06 17:14:18,,,,,,,,,,,,,,,,,,,,,,,,
2025-03-21,2.153,2.159,2.108,2.112,1421201720.0,3001.58,2.36,-2.13,-0.046,0.0,159915,创业板ETF,2025-09-06 17:14:18,,,,,,,,,,,,,,,,,,,,,,,,
2025-03-20,2.178,2.18,2.155,2.158,874402155.0,1886.96,1.15,-0.92,-0.02,0.0,159915,创业板ETF,2025-09-06 17:14:18,,,,,,,,,,,,,,,,,,,,,,,,
2025-03-19,2.181,2.195,2.166,2.178,956447233.0,2083.14,1.33,-0.32,-0.007,0.0,159915,创业板ETF,2025-09-06 17:14:18,,,,,,,,,,,,,,,,,,,,,,,,
2025-03-18,2.182,2.201,2.173,2.185,1116734054.0,2440.06,1.29,0.55,0.012,0.0,159915,创业板ETF,2025-09-06 17:14:18,,,,,,,,,,,,,,,,,,,,,,,,
2025-03-17,2.188,2.191,2.169,2.173,1018689200.0,2213.61,1.01,-0.59,-0.013,0.0,159915,创业板ETF,2025-09-06 17:14:18,,,,,,,,,,,,,,,,,,,,,,,,
2025-03-14,2.125,2.19,2.12,2.186,1964722065.0,4294.88,3.29,2.87,0.061,0.0,159915,创业板ETF,2025-09-06 17:14:18,,,,,,,,,,,,,,,,,,,,,,,,
2025-03-13,2.146,2.158,2.113,2.125,1114060701.0,2367.38,2.09,-1.12,-0.024,0.0,159915,创业板ETF,2025-09-06 17:14:18,,,,,,,,,,,,,,,,,,,,,,,,
2025-03-12,2.17,2.172,2.148,2.149,1044119531.0,2243.81,1.11,-0.46,-0.01,0.0,159915,创业板ETF,2025-09-06 17:14:18,,,,,,,,,,,,,,,,,,,,,,,,
2025-03-11,2.135,2.161,2.131,2.159,1109701187.0,2395.84,1.39,0.0,0.0,0.0,159915,创业板ETF,2025-09-06 17:14:18,,,,,,,,,,,,,,,,,,,,,,,,
2025-03-10,2.166,2.174,2.14,2.159,1057825706.0,2283.85,1.57,-0.05,-0.001,0.0,159915,创业板ETF,2025-09-06 17:14:18,,,,,,,,,,,,,,,,,,,,,,,,
2025-03-07,2.181,2.183,2.152,2.16,1259617935.0,2720.77,1.41,-1.41,-0.031,0.0,159915,创业板ETF,2025-09-06 17:14:18,,,,,,,,,,,,,,,,,,,,,,,,
2025-03-06,2.162,2.2,2.16,2.191,1763060623.0,3862.87,1.86,1.95,0.042,0.0,159915,创业板ETF,2025-09-06 17:14:18,,,,,,,,,,,,,,,,,,,,,,,,
2025-03-05,2.147,2.159,2.131,2.149,958304531.0,2059.4,1.3,0.0,0.0,0.0,159915,创业板ETF,2025-09-06 17:14:18,,,,,,,,,,,,,,,,,,,,,,,,
2025-03-04,2.131,2.151,2.12,2.149,1075561554.0,2311.38,1.44,-0.23,-0.005,0.0,159915,创业板ETF,2025-09-06 17:14:18,,,,,,,,,,,,,,,,,,,,,,,,
2025-03-03,2.133,2.189,2.12,2.154,2012943656.0,4335.88,3.24,1.22,0.026,0.0,159915,创业板ETF,2025-09-06 17:14:18,,,,,,,,,,,,,,,,,,,,,,,,
2025-02-28,2.197,2.198,2.123,2.128,1895179214.0,4032.94,3.39,-3.8,-0.084,0.0,159915,创业板ETF,2025-09-06 17:14:18,,,,,,,,,,,,,,,,,,,,,,,,
2025-02-27,2.224,2.237,2.183,2.212,1342483472.0,2969.57,2.43,-0.49,-0.011,0.0,159915,创业板ETF,2025-09-06 17:14:18,,,,,,,,,,,,,,,,,,,,,,,,
2025-02-26,2.199,2.225,2.19,2.223,1344108588.0,2987.95,1.59,1.18,0.026,0.0,159915,创业板ETF,2025-09-06 17:14:18,,,,,,,,,,,,,,,,,,,,,,,,
2025-02-25,2.189,2.222,2.185,2.197,1455833590.0,3198.47,1.67,-1.08,-0.024,0.0,159915,创业板ETF,2025-09-06 17:14:18,,,,,,,,,,,,,,,,,,,,,,,,
2025-02-24,2.232,2.24,2.201,2.221,1544732365.0,3430.85,1.74,-0.8,-0.018,0.0,159915,创业板ETF,2025-09-06 17:14:18,,,,,,,,,,,,,,,,,,,,,,,,
2025-02-21,2.185,2.242,2.185,2.239,1818252273.0,4071.07,2.61,2.52,0.055,0.0,159915,创业板ETF,2025-09-06 17:14:18,,,,,,,,,,,,,,,,,,,,,,,,
2025-02-20,2.179,2.191,2.161,2.184,1007331983.0,2200.01,1.37,-0.05,-0.001,0.0,159915,创业板ETF,2025-09-06 17:14:18,,,,,,,,,,,,,,,,,,,,,,,,
2025-02-19,2.136,2.186,2.133,2.185,1381906367.0,3019.47,2.48,2.1,0.045,0.0,159915,创业板ETF,2025-09-06 17:14:18,,,,,,,,,,,,,,,,,,,,,,,,
2025-02-18,2.178,2.19,2.131,2.14,1336311044.0,2859.71,2.7,-1.92,-0.042,0.0,159915,创业板ETF,2025-09-06 17:14:18,,,,,,,,,,,,,,,,,,,,,,,,
2025-02-17,2.198,2.2,2.166,2.182,1650052695.0,3600.41,1.56,0.37,0.008,0.0,159915,创业板ETF,2025-09-06 17:14:18,,,,,,,,,,,,,,,,,,,,,,,,
2025-02-14,2.134,2.181,2.132,2.174,2157786096.0,4691.03,2.3,1.83,0.039,0.0,159915,创业板ETF,2025-09-06 17:14:18,,,,,,,,,,,,,,,,,,,,,,,,
2025-02-13,2.145,2.163,2.133,2.135,1498365582.0,3199.01,1.4,-0.7,-0.015,0.0,159915,创业板ETF,2025-09-06 17:14:18,,,,,,,,,,,,,,,,,,,,,,,,
2025-02-12,2.107,2.154,2.101,2.15,1562336440.0,3359.02,2.51,1.75,0.037,0.0,159915,创业板ETF,2025-09-06 17:14:18,,,,,,,,,,,,,,,,,,,,,,,,
2025-02-11,2.141,2.142,2.11,2.113,1067453235.0,2255.53,1.49,-1.35,-0.029,0.0,159915,创业板ETF,2025-09-06 17:14:18,,,,,,,,,,,,,,,,,,,,,,,,
2025-02-10,2.14,2.147,2.114,2.142,1322839817.0,2833.52,1.55,0.52,0.011,0.0,159915,创业板ETF,2025-09-06 17:14:18,,,,,,,,,,,,,,,,,,,,,,,,
2025-02-07,2.08,2.159,2.08,2.131,2746998348.0,5853.85,3.8,2.45,0.051,0.0,159915,创业板ETF,2025-09-06 17:14:18,,,,,,,,,,,,,,,,,,,,,,,,
2025-02-06,2.022,2.082,2.017,2.08,1701774951.0,3539.69,3.21,2.77,0.056,0.0,159915,创业板ETF,2025-09-06 17:14:18,,,,,,,,,,,,,,,,,,,,,,,,
2025-02-05,2.043,2.047,2.016,2.024,1104967502.0,2236.45,1.53,-0.2,-0.004,0.0,159915,创业板ETF,2025-09-06 17:14:18,,,,,,,,,,,,,,,,,,,,,,,,
2025-01-27,2.086,2.087,2.028,2.028,1424693201.0,2889.28,2.83,-2.69,-0.056,0.0,159915,创业板ETF,2025-09-06 17:14:18,,,,,,,,,,,,,,,,,,,,,,,,
2025-01-24,2.045,2.092,2.044,2.084,1501141344.0,3128.38,2.34,1.56,0.032,0.0,159915,创业板ETF,2025-09-06 17:14:18,,,,,,,,,,,,,,,,,,,,,,,,
2025-01-23,2.082,2.11,2.052,2.052,1738134066.0,3566.65,2.82,-0.34,-0.007,0.0,159915,创业板ETF,2025-09-06 17:14:18,,,,,,,,,,,,,,,,,,,,,,,,
2025-01-22,2.063,2.069,2.041,2.059,1110611438.0,2286.75,1.35,-0.53,-0.011,0.0,159915,创业板ETF,2025-09-06 17:14:18,,,,,,,,,,,,,,,,,,,,,,,,
2025-01-21,2.081,2.083,2.048,2.07,1065999429.0,2206.62,1.7,0.39,0.008,0.0,159915,创业板ETF,2025-09-06 17:14:18,,,,,,,,,,,,,,,,,,,,,,,,
2025-01-20,2.047,2.077,2.046,2.062,1935127801.0,3990.23,1.53,1.78,0.036,0.0,159915,创业板ETF,2025-09-06 17:14:18,,,,,,,,,,,,,,,,,,,,,,,,
2025-01-17,1.999,2.043,1.998,2.026,1607214473.0,3256.22,2.24,0.8,0.016,0.0,159915,创业板ETF,2025-09-06 17:14:18,,,,,,,,,,,,,,,,,,,,,,,,
2025-01-16,2.009,2.044,1.99,2.01,1933073844.0,3885.48,2.7,0.55,0.011,0.0,159915,创业板ETF,2025-09-06 17:14:18,,,,,,,,,,,,,,,,,,,,,,,,
2025-01-15,2.022,2.025,1.992,1.999,1750519097.0,3499.29,1.62,-1.82,-0.037,0.0,159915,创业板ETF,2025-09-06 17:14:18,,,,,,,,,,,,,,,,,,,,,,,,
2025-01-14,1.95,2.037,1.942,2.036,2836315455.0,5774.74,4.89,4.84,0.094,0.0,159915,创业板ETF,2025-09-06 17:14:18,,,,,,,,,,,,,,,,,,,,,,,,
2025-01-13,1.916,1.959,1.916,1.942,1351760825.0,2625.12,2.22,0.21,0.004,0.0,159915,创业板ETF,2025-09-06 17:14:18,,,,,,,,,,,,,,,,,,,,,,,,
2025-01-10,1.967,1.983,1.938,1.938,1206162209.0,2337.54,2.28,-1.67,-0.033,0.0,159915,创业板ETF,2025-09-06 17:14:18,,,,,,,,,,,,,,,,,,,,,,,,
2025-01-09,1.956,1.985,1.954,1.971,1352568136.0,2665.91,1.58,0.15,0.003,0.0,159915,创业板ETF,2025-09-06 17:14:18,,,,,,,,,,,,,,,,,,,,,,,,
2025-01-08,1.975,1.99,1.925,1.968,2279532895.0,4486.12,3.27,-1.11,-0.022,0.0,159915,创业板ETF,2025-09-06 17:14:18,,,,,,,,,,,,,,,,,,,,,,,,
2025-01-07,1.965,1.99,1.951,1.99,1695431321.0,3373.91,1.97,0.71,0.014,0.0,159915,创业板ETF,2025-09-06 17:14:18,,,,,,,,,,,,,,,,,,,,,,,,
2025-01-06,1.978,1.994,1.962,1.976,1679476900.0,3318.65,1.62,-0.1,-0.002,0.0,159915,创业板ETF,2025-09-06 17:14:18,,,,,,,,,,,,,,,,,,,,,,,,
2025-01-03,2.02,2.027,1.976,1.978,2016672390.0,3988.98,2.53,-2.03,-0.041,0.0,159915,创业板ETF,2025-09-06 17:14:18,,,,,,,,,,,,,,,,,,,,,,,,
2025-01-02,2.096,2.097,2.0,2.019,2299909269.0,4643.52,4.61,-3.95,-0.083,0.0,159915,创业板ETF,2025-09-06 17:14:18,,,,,,,,,,,,,,,,,,,,,,,,
2024-12-31,2.162,2.165,2.101,2.102,1904747573.0,4003.78,2.96,-2.91,-0.063,0.0,159915,创业板ETF,2025-09-06 17:14:18,,,,,,,,,,,,,,,,,,,,,,,,
2024-12-30,2.158,2.174,2.155,2.165,1020296318.0,2208.94,0.88,0.09,0.002,0.0,159915,创业板ETF,2025-09-06 17:14:18,,,,,,,,,,,,,,,,,,,,,,,,
2024-12-27,2.166,2.192,2.154,2.163,1482658799.0,3206.99,1.75,-0.14,-0.003,0.0,159915,创业板ETF,2025-09-06 17:14:18,,,,,,,,,,,,,,,,,,,,,,,,
2024-12-26,2.16,2.176,2.152,2.166,1065508375.0,2307.89,1.11,0.46,0.01,0.0,159915,创业板ETF,2025-09-06 17:14:18,,,,,,,,,,,,,,,,,,,,,,,,
2024-12-25,2.173,2.175,2.144,2.156,1159452844.0,2499.78,1.43,-0.65,-0.014,0.0,159915,创业板ETF,2025-09-06 17:14:18,,,,,,,,,,,,,,,,,,,,,,,,
2024-12-24,2.148,2.172,2.143,2.17,1558187982.0,3381.27,1.35,1.07,0.023,0.0,159915,创业板ETF,2025-09-06 17:14:18,,,,,,,,,,,,,,,,,,,,,,,,
2024-12-23,2.163,2.18,2.142,2.147,1300841400.0,2792.91,1.75,-1.01,-0.022,0.0,159915,创业板ETF,2025-09-06 17:14:18,,,,,,,,,,,,,,,,,,,,,,,,
2024-12-20,2.166,2.19,2.157,2.169,1255558193.0,2723.31,1.52,-0.09,-0.002,0.0,159915,创业板ETF,2025-09-06 17:14:18,,,,,,,,,,,,,,,,,,,,,,,,
2024-12-19,2.137,2.178,2.132,2.171,1448207591.0,3144.06,2.13,0.6,0.013,0.0,159915,创业板ETF,2025-09-06 17:14:18,,,,,,,,,,,,,,,,,,,,,,,,
2024-12-18,2.167,2.173,2.15,2.158,1073433814.0,2316.47,1.07,-0.05,-0.001,0.0,159915,创业板ETF,2025-09-06 17:14:18,,,,,,,,,,,,,,,,,,,,,,,,
2024-12-17,2.156,2.189,2.153,2.159,1695995491.0,3661.65,1.67,0.05,0.001,0.0,159915,创业板ETF,2025-09-06 17:14:18,,,,,,,,,,,,,,,,,,,,,,,,
2024-12-16,2.19,2.192,2.148,2.158,1255253661.0,2708.84,2.01,-1.6,-0.035,0.0,159915,创业板ETF,2025-09-06 17:14:18,,,,,,,,,,,,,,,,,,,,,,,,
2024-12-13,2.231,2.233,2.19,2.193,1780555011.0,3904.76,1.91,-2.45,-0.055,0.0,159915,创业板ETF,2025-09-06 17:14:18,,,,,,,,,,,,,,,,,,,,,,,,
2024-12-12,2.217,2.258,2.212,2.248,1910954845.0,4295.83,2.07,1.35,0.03,0.0,159915,创业板ETF,2025-09-06 17:14:18,,,,,,,,,,,,,,,,,,,,,,,,
2024-12-11,2.215,2.235,2.209,2.218,1440691244.0,3195.45,1.17,-0.14,-0.003,0.0,159915,创业板ETF,2025-09-06 17:14:18,,,,,,,,,,,,,,,,,,,,,,,,
2024-12-10,2.32,2.32,2.214,2.221,3532884251.0,7846.54,4.81,0.68,0.015,0.0,159915,创业板ETF,2025-09-06 17:14:18,,,,,,,,,,,,,,,,,,,,,,,,
2024-12-09,2.219,2.23,2.185,2.206,1491824413.0,3290.96,2.02,-0.81,-0.018,0.0,159915,创业板ETF,2025-09-06 17:14:18,,,,,,,,,,,,,,,,,,,,,,,,
2024-12-06,2.18,2.247,2.17,2.224,2590327932.0,5760.89,3.54,2.16,0.047,0.0,159915,创业板ETF,2025-09-06 17:14:18,,,,,,,,,,,,,,,,,,,,,,,,
2024-12-05,2.167,2.195,2.163,2.177,1088127980.0,2368.85,1.47,0.32,0.007,0.0,159915,创业板ETF,2025-09-06 17:14:18,,,,,,,,,,,,,,,,,,,,,,,,
2024-12-04,2.195,2.203,2.161,2.17,1408311822.0,3056.04,1.91,-1.27,-0.028,0.0,159915,创业板ETF,2025-09-06 17:14:18,,,,,,,,,,,,,,,,,,,,,,,,
2024-12-03,2.211,2.219,2.182,2.198,1591681412.0,3498.52,1.67,-0.59,-0.013,0.0,159915,创业板ETF,2025-09-06 17:14:18,,,,,,,,,,,,,,,,,,,,,,,,
2024-12-02,2.172,2.218,2.166,2.211,2074856913.0,4587.51,2.39,1.47,0.032,0.0,159915,创业板ETF,2025-09-06 17:14:18,,,,,,,,,,,,,,,,,,,,,,,,
2024-11-29,2.122,2.221,2.12,2.179,3069830207.0,6689.16,4.75,2.4,0.051,0.0,159915,创业板ETF,2025-09-06 17:14:18,,,,,,,,,,,,,,,,,,,,,,,,
2024-11-28,2.162,2.165,2.124,2.128,1581214159.0,3364.82,1.89,-1.71,-0.037,0.0,159915,创业板ETF,2025-09-06 17:14:18,,,,,,,,,,,,,,,,,,,,,,,,
2024-11-27,2.1,2.167,2.079,2.165,2381260478.0,5155.43,4.17,2.66,0.056,0.0,159915,创业板ETF,2025-09-06 17:14:18,,,,,,,,,,,,,,,,,,,,,,,,
2024-11-26,2.122,2.146,2.107,2.109,1388130768.0,2927.57,1.83,-1.08,-0.023,0.0,159915,创业板ETF,2025-09-06 17:14:18,,,,,,,,,,,,,,,,,,,,,,,,
2024-11-25,2.14,2.151,2.1,2.132,1994601712.0,4252.49,2.39,-0.19,-0.004,0.0,159915,创业板ETF,2025-09-06 17:14:18,,,,,,,,,,,,,,,,,,,,,,,,
2024-11-22,2.218,2.226,2.133,2.136,2025684308.0,4326.86,4.18,-3.91,-0.087,0.0,159915,创业板ETF,2025-09-06 17:14:18,,,,,,,,,,,,,,,,,,,,,,,,
2024-11-21,2.213,2.237,2.206,2.223,1552623895.0,3451.48,1.39,0.0,0.0,0.0,159915,创业板ETF,2025-09-06 17:14:18,,,,,,,,,,,,,,,,,,,,,,,,
2024-11-20,2.201,2.24,2.195,2.223,2395697876.0,5325.64,2.03,0.36,0.008,0.0,159915,创业板ETF,2025-09-06 17:14:18,,,,,,,,,,,,,,,,,,,,,,,,
2024-11-19,2.155,2.219,2.132,2.215,3152990214.0,6983.87,4.05,3.07,0.066,0.0,159915,创业板ETF,2025-09-06 17:14:18,,,,,,,,,,,,,,,,,,,,,,,,
2024-11-18,2.205,2.219,2.132,2.149,2860946863.0,6148.17,3.95,-2.5,-0.055,0.0,159915,创业板ETF,2025-09-06 17:14:18,,,,,,,,,,,,,,,,,,,,,,,,
2024-11-15,2.276,2.294,2.201,2.204,2724669211.0,6005.17,4.06,-3.67,-0.084,0.0,159915,创业板ETF,2025-09-06 17:14:18,,,,,,,,,,,,,,,,,,,,,,,,
2024-11-14,2.37,2.372,2.285,2.288,2166119864.0,4956.08,3.67,-3.54,-0.084,0.0,159915,创业板ETF,2025-09-06 17:14:18,,,,,,,,,,,,,,,,,,,,,,,,
2024-11-13,2.325,2.381,2.3,2.372,2853985135.0,6769.65,3.45,1.15,0.027,0.0,159915,创业板ETF,2025-09-06 17:14:18,,,,,,,,,,,,,,,,,,,,,,,,
2024-11-12,2.365,2.402,2.316,2.345,3223053432.0,7558.06,3.66,-0.17,-0.004,0.0,159915,创业板ETF,2025-09-06 17:14:18,,,,,,,,,,,,,,,,,,,,,,,,
2024-11-11,2.25,2.35,2.249,2.349,3186116488.0,7484.19,4.43,2.94,0.067,0.0,159915,创业板ETF,2025-09-06 17:14:18,,,,,,,,,,,,,,,,,,,,,,,,
2024-11-08,2.355,2.365,2.274,2.282,3498492991.0,7983.56,3.95,-1.04,-0.024,0.0,159915,创业板ETF,2025-09-06 17:14:18,,,,,,,,,,,,,,,,,,,,,,,,
2024-11-07,2.202,2.306,2.198,2.306,3602781575.0,8308.01,4.86,3.73,0.083,0.0,159915,创业板ETF,2025-09-06 17:14:18,,,,,,,,,,,,,,,,,,,,,,,,
2024-11-06,2.249,2.316,2.202,2.223,4598609726.0,10222.71,5.07,-1.16,-0.026,0.0,159915,创业板ETF,2025-09-06 17:14:18,,,,,,,,,,,,,,,,,,,,,,,,
2024-11-05,2.144,2.258,2.13,2.249,5248183767.0,11803.17,5.97,4.85,0.104,0.0,159915,创业板ETF,2025-09-06 17:14:18,,,,,,,,,,,,,,,,,,,,,,,,
2024-11-04,2.081,2.146,2.08,2.145,2083738600.0,4469.62,3.17,2.93,0.061,0.0,159915,创业板ETF,2025-09-06 17:14:18,,,,,,,,,,,,,,,,,,,,,,,,
2024-11-01,2.104,2.125,2.08,2.084,0.0,0.0,2.12,-1.79,-0.038,0.0,159915,创业板ETF,2025-09-06 17:14:18,,,,,,,,,,,,,,,,,,,,,,,,
2024-10-31,2.105,2.164,2.09,2.122,3127668969.0,6636.91,3.51,0.52,0.011,0.0,159915,创业板ETF,2025-09-06 17:14:18,,,,,,,,,,,,,,,,,,,,,,,,
2024-10-30,2.119,2.138,2.086,2.111,2306501650.0,4869.02,2.44,-1.12,-0.024,0.0,159915,创业板ETF,2025-09-06 17:14:18,,,,,,,,,,,,,,,,,,,,,,,,
2024-10-29,2.191,2.198,2.133,2.135,2679460409.0,5720.65,2.97,-2.42,-0.053,0.0,159915,创业板ETF,2025-09-06 17:14:18,,,,,,,,,,,,,,,,,,,,,,,,
2024-10-28,2.193,2.193,2.158,2.188,2035712102.0,4454.14,1.59,-0.36,-0.008,0.0,159915,创业板ETF,2025-09-06 17:14:18,,,,,,,,,,,,,,,,,,,,,,,,
2024-10-25,2.147,2.236,2.138,2.196,4185661608.0,9191.71,4.6,3.0,0.064,0.0,159915,创业板ETF,2025-09-06 17:14:18,,,,,,,,,,,,,,,,,,,,,,,,
2024-10-24,2.149,2.161,2.126,2.132,1999647292.0,4263.25,1.62,-1.39,-0.03,0.0,159915,创业板ETF,2025-09-06 17:14:18,,,,,,,,,,,,,,,,,,,,,,,,
2024-10-23,2.166,2.211,2.145,2.162,3045440403.0,6584.24,3.03,-0.6,-0.013,0.0,159915,创业板ETF,2025-09-06 17:14:18,,,,,,,,,,,,,,,,,,,,,,,,
2024-10-22,2.158,2.186,2.139,2.175,2731476861.0,5940.96,2.17,0.37,0.008,0.0,159915,创业板ETF,2025-09-06 17:14:18,,,,,,,,,,,,,,,,,,,,,,,,
2024-10-21,2.162,2.225,2.139,2.167,5290536333.0,11464.59,3.99,0.51,0.011,0.0,159915,创业板ETF,2025-09-06 17:14:18,,,,,,,,,,,,,,,,,,,,,,,,
2024-10-18,1.986,2.256,1.986,2.156,8169588546.0,17613.63,13.53,8.07,0.161,0.0,159915,创业板ETF,2025-09-06 17:14:18,,,,,,,,,,,,,,,,,,,,,,,,
2024-10-17,2.019,2.042,1.993,1.995,3136105541.0,6256.53,2.45,-0.25,-0.005,0.0,159915,创业板ETF,2025-09-06 17:14:18,,,,,,,,,,,,,,,,,,,,,,,,
2024-10-16,2.001,2.044,1.989,2.0,3815133051.0,7630.27,2.69,-2.2,-0.045,0.0,159915,创业板ETF,2025-09-06 17:14:18,,,,,,,,,,,,,,,,,,,,,,,,
2024-10-15,2.094,2.135,2.045,2.045,4378476181.0,8953.98,4.25,-3.36,-0.071,0.0,159915,创业板ETF,2025-09-06 17:14:18,,,,,,,,,,,,,,,,,,,,,,,,
2024-10-14,2.078,2.124,2.022,2.116,5700479873.0,12062.22,4.95,2.72,0.056,0.0,159915,创业板ETF,2025-09-06 17:14:18,,,,,,,,,,,,,,,,,,,,,,,,
2024-10-11,2.134,2.152,2.026,2.06,7299528756.0,15037.03,5.8,-5.24,-0.114,0.0,159915,创业板ETF,2025-09-06 17:14:18,,,,,,,,,,,,,,,,,,,,,,,,
2024-10-10,2.241,2.297,2.137,2.174,8062551631.0,17527.99,7.14,-3.03,-0.068,0.0,159915,创业板ETF,2025-09-06 17:14:18,,,,,,,,,,,,,,,,,,,,,,,,
2024-10-09,2.41,2.478,2.238,2.242,16461881315.0,36907.54,8.96,-16.28,-0.436,0.0,159915,创业板ETF,2025-09-06 17:14:18,,,,,,,,,,,,,,,,,,,,,,,,
2024-10-08,2.678,2.678,2.29,2.678,18567726532.0,49724.37,17.38,19.98,0.446,0.0,159915,创业板ETF,2025-09-06 17:14:18,,,,,,,,,,,,,,,,,,,,,,,,
2024-09-30,2.0,2.232,1.928,2.232,6977214473.0,15573.14,16.34,20.0,0.372,0.0,159915,创业板ETF,2025-09-06 17:14:18,,,,,,,,,,,,,,,,,,,,,,,,
2024-09-27,1.713,1.89,1.713,1.86,5612598482.0,10439.43,10.5,10.32,0.174,0.0,159915,创业板ETF,2025-09-06 17:14:18,,,,,,,,,,,,,,,,,,,,,,,,
2024-09-26,1.604,1.686,1.595,1.686,2844215463.0,4795.35,5.65,4.72,0.076,0.0,159915,创业板ETF,2025-09-06 17:14:18,,,,,,,,,,,,,,,,,,,,,,,,
2024-09-25,1.621,1.649,1.609,1.61,2673008266.0,4303.54,2.52,1.45,0.023,0.0,159915,创业板ETF,2025-09-06 17:14:18,,,,,,,,,,,,,,,,,,,,,,,,
2024-09-24,1.515,1.588,1.504,1.587,3337729544.0,5296.98,5.6,5.73,0.086,0.0,159915,创业板ETF,2025-09-06 17:14:18,,,,,,,,,,,,,,,,,,,,,,,,
2024-09-23,1.507,1.52,1.5,1.501,1303535933.0,1956.61,1.33,-0.46,-0.007,0.0,159915,创业板ETF,2025-09-06 17:14:18,,,,,,,,,,,,,,,,,,,,,,,,
2024-09-20,1.516,1.517,1.498,1.508,2092058400.0,3154.82,1.25,-0.72,-0.011,0.0,159915,创业板ETF,2025-09-06 17:14:18,,,,,,,,,,,,,,,,,,,,,,,,
2024-09-19,1.511,1.537,1.492,1.519,1839423710.0,2794.08,2.99,1.0,0.015,0.0,159915,创业板ETF,2025-09-06 17:14:18,,,,,,,,,,,,,,,,,,,,,,,,
2024-09-18,1.505,1.513,1.494,1.504,965714800.0,1452.44,1.26,-0.33,-0.005,0.0,159915,创业板ETF,2025-09-06 17:14:18,,,,,,,,,,,,,,,,,,,,,,,,
2024-09-13,1.525,1.528,1.508,1.509,878423707.0,1325.54,1.31,-1.05,-0.016,0.0,159915,创业板ETF,2025-09-06 17:14:18,,,,,,,,,,,,,,,,,,,,,,,,
2024-09-12,1.536,1.549,1.521,1.525,1261776253.0,1924.21,1.83,-0.2,-0.003,0.0,159915,创业板ETF,2025-09-06 17:14:18,,,,,,,,,,,,,,,,,,,,,,,,
2024-09-11,1.51,1.534,1.507,1.528,1435229316.0,2193.03,1.79,1.06,0.016,0.0,159915,创业板ETF,2025-09-06 17:14:18,,,,,,,,,,,,,,,,,,,,,,,,
2024-09-10,1.514,1.524,1.495,1.512,1541258816.0,2330.38,1.92,-0.07,-0.001,0.0,159915,创业板ETF,2025-09-06 17:14:18,,,,,,,,,,,,,,,,,,,,,,,,
2024-09-09,1.5,1.519,1.498,1.513,1813528856.0,2743.87,1.39,0.33,0.005,0.0,159915,创业板ETF,2025-09-06 17:14:18,,,,,,,,,,,,,,,,,,,,,,,,
2024-09-06,1.535,1.538,1.508,1.508,989684600.0,1492.44,0.0,0.0,0.0,0.0,159915,创业板ETF,2025-09-06 17:14:18,,,,,,,,,,,,,,,,,,,,,,,,
