日期,开盘,最高,最低,收盘,成交量,成交额,振幅,涨跌幅,涨跌额,换手率,ETF代码,ETF名称,爬取时间,折溢价率,IOPV,前收盘,量比,委比,外盘,内盘,主力净流入-净额,主力净流入-净占比,超大单净流入-净额,超大单净流入-净占比,大单净流入-净额,大单净流入-净占比,中单净流入-净额,中单净流入-净占比,小单净流入-净额,小单净流入-净占比,现手,买一,卖一,最新份额,流通市值,总市值,更新时间
2025-09-22,7.998,8.041,7.969,8.034,115866300.0,9308698.54,0.9,0.45,0.036,,159937,黄金ETF基金,2025-09-22 21:52:51,,,,,,,,,,,,,,,,,,,,,,,,
2025-09-19,7.891,7.902,7.855,7.883,134346500.0,10590534.6,0.6,0.41,0.032,,159937,黄金ETF基金,2025-09-19 18:14:22,,,,,,,,,,,,,,,,,,,,,,,,
2025-09-18,7.897,7.934,7.845,7.851,178450500.0,14010148.76,1.12,-1.26,-0.1,,159937,黄金ETF基金,2025-09-19 18:14:22,,,,,,,,,,,,,,,,,,,,,,,,
2025-09-17,8.005,8.005,7.94,7.951,160691100.0,12776549.36,0.81,-0.67,-0.054,,159937,黄金ETF基金,2025-09-19 18:14:22,,,,,,,,,,,,,,,,,,,,,,,,
2025-09-16,7.995,8.016,7.973,8.013,104824400.0,8399579.17,0.54,0.23,0.018,,159937,黄金ETF基金,2025-09-18 22:22:51,,,,,,,,,,,,,,,,,,,,,,,,
2025-09-12,7.915,7.949,7.915,7.939,7895.57,626617238.8,0.43,0.39,0.031,2.21,159937,黄金ETF基金,2025-09-12 22:21:36,0.03,7.9417,7.908,0.66,1.84,391872.0,397685.0,34020029.0,5.43,23463892.0,3.74,10556137.0,1.68,-12268138.0,-1.96,-21751896.0,-3.47,-3928.0,7.939,7.94,3574321984.0,28376542231.0,28376542231.0,2025-09-12 15:34:39+08:00
2025-09-11,7.94,7.954,7.887,7.908,133066400.0,10522890.91,0.0,0.0,0.0,0.0,159937,黄金ETF基金,2025-09-11 22:22:15,0.0,,,,,,,,,,,,,,,,,,,,,,,
2025-09-10,7.909,7.937,7.882,7.932,93695800.0,7431950.86,0.0,0.0,0.0,0.0,159937,黄金ETF基金,2025-09-10 22:21:27,0.0,,,,,,,,,,,,,,,,,,,,,,,
2025-09-09,7.915,7.975,7.915,7.955,200431014.0,15944287.16,0.0,0.0,0.0,0.0,159937,黄金ETF基金,2025-09-09 18:27:56,,,,,,,,,,,,,,,,,,,,,,,,
2025-09-08,7.797,7.833,7.793,7.833,85686100.0,6711792.21,0.0,0.0,0.0,0.0,159937,黄金ETF基金,2025-09-08 18:27:51,,,,,,,,,,,,,,,,,,,,,,,,
2025-09-05,7.755,7.769,7.74,7.76,83390300.0,647.11,0.37,0.32,0.025,0.0,159937,黄金ETF基金,2025-09-06 17:14:18,,,,,,,,,,,,,,,,,,,,,,,,
2025-09-04,7.779,7.782,7.68,7.735,147655400.0,1142.11,1.32,-0.25,-0.019,0.0,159937,黄金ETF基金,2025-09-06 17:14:18,,,,,,,,,,,,,,,,,,,,,,,,
2025-09-03,7.75,7.78,7.732,7.754,106337600.0,824.54,0.63,1.31,0.1,0.0,159937,黄金ETF基金,2025-09-06 17:14:18,,,,,,,,,,,,,,,,,,,,,,,,
2025-09-02,7.689,7.715,7.649,7.654,116391600.0,890.86,0.86,0.29,0.022,0.0,159937,黄金ETF基金,2025-09-06 17:14:18,,,,,,,,,,,,,,,,,,,,,,,,
2025-09-01,7.527,7.639,7.526,7.632,173067600.0,1320.85,1.51,2.13,0.159,0.0,159937,黄金ETF基金,2025-09-06 17:14:18,,,,,,,,,,,,,,,,,,,,,,,,
2025-08-29,7.465,7.476,7.465,7.473,26217300.0,195.92,0.15,0.24,0.018,0.0,159937,黄金ETF基金,2025-09-06 17:14:18,,,,,,,,,,,,,,,,,,,,,,,,
2025-08-28,7.451,7.457,7.445,7.455,41307600.0,307.95,0.16,0.24,0.018,0.0,159937,黄金ETF基金,2025-09-06 17:14:18,,,,,,,,,,,,,,,,,,,,,,,,
2025-08-27,7.447,7.449,7.432,7.437,31763034.0,236.22,0.23,-0.01,-0.001,0.0,159937,黄金ETF基金,2025-09-06 17:14:18,,,,,,,,,,,,,,,,,,,,,,,,
2025-08-26,7.43,7.441,7.423,7.438,53529955.0,398.16,0.24,0.32,0.024,0.0,159937,黄金ETF基金,2025-09-06 17:14:18,,,,,,,,,,,,,,,,,,,,,,,,
2025-08-25,7.41,7.42,7.403,7.414,46423023.0,344.18,0.23,0.67,0.049,0.0,159937,黄金ETF基金,2025-09-06 17:14:18,,,,,,,,,,,,,,,,,,,,,,,,
2025-08-22,7.381,7.388,7.361,7.365,68519514.0,504.65,0.37,-0.19,-0.014,0.0,159937,黄金ETF基金,2025-09-06 17:14:18,,,,,,,,,,,,,,,,,,,,,,,,
2025-08-21,7.39,7.396,7.372,7.379,26692961.0,196.97,0.33,0.3,0.022,0.0,159937,黄金ETF基金,2025-09-06 17:14:18,,,,,,,,,,,,,,,,,,,,,,,,
2025-08-20,7.352,7.363,7.33,7.357,35952800.0,264.5,0.45,-0.28,-0.021,0.0,159937,黄金ETF基金,2025-09-06 17:14:18,,,,,,,,,,,,,,,,,,,,,,,,
2025-08-19,7.378,7.388,7.373,7.378,29261900.0,215.89,0.2,-0.32,-0.024,0.0,159937,黄金ETF基金,2025-09-06 17:14:18,,,,,,,,,,,,,,,,,,,,,,,,
2025-08-18,7.385,7.41,7.378,7.402,46549500.0,344.56,0.43,0.22,0.016,0.0,159937,黄金ETF基金,2025-09-06 17:14:18,,,,,,,,,,,,,,,,,,,,,,,,
2025-08-15,7.372,7.396,7.37,7.386,39192100.0,289.47,0.35,-0.34,-0.025,0.0,159937,黄金ETF基金,2025-09-06 17:14:18,,,,,,,,,,,,,,,,,,,,,,,,
2025-08-14,7.415,7.426,7.4,7.411,41921200.0,310.68,0.35,0.12,0.009,0.0,159937,黄金ETF基金,2025-09-06 17:14:18,,,,,,,,,,,,,,,,,,,,,,,,
2025-08-13,7.382,7.402,7.381,7.402,38351966.0,283.88,0.28,0.23,0.017,0.0,159937,黄金ETF基金,2025-09-06 17:14:18,,,,,,,,,,,,,,,,,,,,,,,,
2025-08-12,7.402,7.403,7.381,7.385,48271300.0,356.48,0.3,-0.44,-0.033,0.0,159937,黄金ETF基金,2025-09-06 17:14:18,,,,,,,,,,,,,,,,,,,,,,,,
2025-08-11,7.452,7.452,7.411,7.418,66131200.0,490.56,0.55,-1.01,-0.076,0.0,159937,黄金ETF基金,2025-09-06 17:14:18,,,,,,,,,,,,,,,,,,,,,,,,
2025-08-08,7.483,7.5,7.476,7.494,76990800.0,576.97,0.32,0.28,0.021,0.0,159937,黄金ETF基金,2025-09-06 17:14:18,,,,,,,,,,,,,,,,,,,,,,,,
2025-08-07,7.456,7.474,7.446,7.473,47503600.0,354.99,0.38,0.25,0.019,0.0,159937,黄金ETF基金,2025-09-06 17:14:18,,,,,,,,,,,,,,,,,,,,,,,,
2025-08-06,7.461,7.471,7.448,7.454,27853800.0,207.62,0.31,0.11,0.008,0.0,159937,黄金ETF基金,2025-09-06 17:14:18,,,,,,,,,,,,,,,,,,,,,,,,
2025-08-05,7.467,7.476,7.442,7.446,54494600.0,405.77,0.46,0.17,0.013,0.0,159937,黄金ETF基金,2025-09-06 17:14:18,,,,,,,,,,,,,,,,,,,,,,,,
2025-08-04,7.421,7.435,7.419,7.433,125862100.0,935.53,0.22,1.28,0.094,0.0,159937,黄金ETF基金,2025-09-06 17:14:18,,,,,,,,,,,,,,,,,,,,,,,,
2025-08-01,7.334,7.352,7.318,7.339,58097300.0,426.38,0.46,0.03,0.002,0.0,159937,黄金ETF基金,2025-09-06 17:14:18,,,,,,,,,,,,,,,,,,,,,,,,
2025-07-31,7.326,7.343,7.301,7.337,198176200.0,1454.02,0.57,-0.37,-0.027,0.0,159937,黄金ETF基金,2025-09-06 17:14:18,,,,,,,,,,,,,,,,,,,,,,,,
2025-07-30,7.377,7.378,7.353,7.364,385512600.0,2838.91,0.34,0.18,0.013,0.0,159937,黄金ETF基金,2025-09-06 17:14:18,,,,,,,,,,,,,,,,,,,,,,,,
2025-07-29,7.334,7.353,7.333,7.351,291429400.0,2142.3,0.27,-0.34,-0.025,0.0,159937,黄金ETF基金,2025-09-06 17:14:18,,,,,,,,,,,,,,,,,,,,,,,,
2025-07-28,7.367,7.385,7.351,7.376,59084600.0,435.81,0.46,-0.26,-0.019,0.0,159937,黄金ETF基金,2025-09-06 17:14:18,,,,,,,,,,,,,,,,,,,,,,,,
2025-07-25,7.408,7.408,7.384,7.395,51344300.0,379.69,0.32,-0.22,-0.016,0.0,159937,黄金ETF基金,2025-09-06 17:14:18,,,,,,,,,,,,,,,,,,,,,,,,
2025-07-24,7.445,7.456,7.4,7.411,84302900.0,624.77,0.74,-1.65,-0.124,0.0,159937,黄金ETF基金,2025-09-06 17:14:18,,,,,,,,,,,,,,,,,,,,,,,,
2025-07-23,7.508,7.542,7.508,7.535,47437000.0,357.44,0.46,0.98,0.073,0.0,159937,黄金ETF基金,2025-09-06 17:14:18,,,,,,,,,,,,,,,,,,,,,,,,
2025-07-22,7.471,7.478,7.458,7.462,74648700.0,557.03,0.27,0.4,0.03,0.0,159937,黄金ETF基金,2025-09-06 17:14:18,,,,,,,,,,,,,,,,,,,,,,,,
2025-07-21,7.404,7.441,7.404,7.432,44677800.0,332.05,0.5,0.58,0.043,0.0,159937,黄金ETF基金,2025-09-06 17:14:18,,,,,,,,,,,,,,,,,,,,,,,,
2025-07-18,7.385,7.395,7.379,7.389,50580200.0,373.74,0.22,0.04,0.003,0.0,159937,黄金ETF基金,2025-09-06 17:14:18,,,,,,,,,,,,,,,,,,,,,,,,
2025-07-17,7.396,7.4,7.374,7.386,62719000.0,463.24,0.35,-0.09,-0.007,0.0,159937,黄金ETF基金,2025-09-06 17:14:18,,,,,,,,,,,,,,,,,,,,,,,,
2025-07-16,7.382,7.395,7.366,7.393,69375300.0,512.89,0.39,-0.39,-0.029,0.0,159937,黄金ETF基金,2025-09-06 17:14:18,,,,,,,,,,,,,,,,,,,,,,,,
2025-07-15,7.408,7.433,7.389,7.422,60707400.0,450.57,0.59,-0.13,-0.01,0.0,159937,黄金ETF基金,2025-09-06 17:14:18,,,,,,,,,,,,,,,,,,,,,,,,
2025-07-14,7.415,7.433,7.401,7.432,92500100.0,687.46,0.43,0.88,0.065,0.0,159937,黄金ETF基金,2025-09-06 17:14:18,,,,,,,,,,,,,,,,,,,,,,,,
2025-07-11,7.361,7.378,7.36,7.367,77436100.0,570.47,0.24,0.12,0.009,0.0,159937,黄金ETF基金,2025-09-06 17:14:18,,,,,,,,,,,,,,,,,,,,,,,,
2025-07-10,7.35,7.369,7.346,7.358,64681100.0,475.92,0.31,0.74,0.054,0.0,159937,黄金ETF基金,2025-09-06 17:14:18,,,,,,,,,,,,,,,,,,,,,,,,
2025-07-09,7.346,7.348,7.289,7.304,138392000.0,1010.82,0.8,-1.1,-0.081,0.0,159937,黄金ETF基金,2025-09-06 17:14:18,,,,,,,,,,,,,,,,,,,,,,,,
2025-07-08,7.383,7.394,7.376,7.385,166309900.0,1228.2,0.25,0.59,0.043,0.0,159937,黄金ETF基金,2025-09-06 17:14:18,,,,,,,,,,,,,,,,,,,,,,,,
2025-07-07,7.34,7.355,7.331,7.342,63882000.0,469.02,0.32,-0.73,-0.054,0.0,159937,黄金ETF基金,2025-09-06 17:14:18,,,,,,,,,,,,,,,,,,,,,,,,
2025-07-04,7.392,7.41,7.365,7.396,72675400.0,537.51,0.61,-0.5,-0.037,0.0,159937,黄金ETF基金,2025-09-06 17:14:18,,,,,,,,,,,,,,,,,,,,,,,,
2025-07-03,7.387,7.441,7.387,7.433,92324300.0,686.25,0.73,0.75,0.055,0.0,159937,黄金ETF基金,2025-09-06 17:14:18,,,,,,,,,,,,,,,,,,,,,,,,
2025-07-02,7.384,7.405,7.373,7.378,86457600.0,637.88,0.43,-0.08,-0.006,0.0,159937,黄金ETF基金,2025-09-06 17:14:18,,,,,,,,,,,,,,,,,,,,,,,,
2025-07-01,7.346,7.388,7.335,7.384,94067700.0,694.6,0.73,1.08,0.079,0.0,159937,黄金ETF基金,2025-09-06 17:14:18,,,,,,,,,,,,,,,,,,,,,,,,
2025-06-30,7.275,7.31,7.261,7.305,132067100.0,964.75,0.67,-0.07,-0.005,0.0,159937,黄金ETF基金,2025-09-06 17:14:18,,,,,,,,,,,,,,,,,,,,,,,,
2025-06-27,7.356,7.364,7.296,7.31,81508400.0,595.83,0.92,-1.12,-0.083,0.0,159937,黄金ETF基金,2025-09-06 17:14:18,,,,,,,,,,,,,,,,,,,,,,,,
2025-06-26,7.378,7.393,7.373,7.393,44794900.0,331.17,0.27,0.16,0.012,0.0,159937,黄金ETF基金,2025-09-06 17:14:18,,,,,,,,,,,,,,,,,,,,,,,,
2025-06-25,7.368,7.385,7.366,7.381,38124100.0,281.39,0.26,0.23,0.017,0.0,159937,黄金ETF基金,2025-09-06 17:14:18,,,,,,,,,,,,,,,,,,,,,,,,
2025-06-24,7.414,7.429,7.342,7.364,125006800.0,920.55,1.17,-1.15,-0.086,0.0,159937,黄金ETF基金,2025-09-06 17:14:18,,,,,,,,,,,,,,,,,,,,,,,,
2025-06-23,7.438,7.471,7.427,7.45,81417700.0,606.56,0.59,0.38,0.028,0.0,159937,黄金ETF基金,2025-09-06 17:14:18,,,,,,,,,,,,,,,,,,,,,,,,
2025-06-20,7.449,7.451,7.409,7.422,106809200.0,792.74,0.56,-0.39,-0.029,0.0,159937,黄金ETF基金,2025-09-06 17:14:18,,,,,,,,,,,,,,,,,,,,,,,,
2025-06-19,7.49,7.494,7.432,7.451,101387000.0,755.43,0.83,-0.53,-0.04,0.0,159937,黄金ETF基金,2025-09-06 17:14:18,,,,,,,,,,,,,,,,,,,,,,,,
2025-06-18,7.486,7.527,7.463,7.491,62043100.0,464.76,0.85,0.05,0.004,0.0,159937,黄金ETF基金,2025-09-06 17:14:18,,,,,,,,,,,,,,,,,,,,,,,,
2025-06-17,7.515,7.515,7.456,7.487,110656400.0,828.48,0.78,-0.81,-0.061,0.0,159937,黄金ETF基金,2025-09-06 17:14:18,,,,,,,,,,,,,,,,,,,,,,,,
2025-06-16,7.618,7.622,7.539,7.548,137593400.0,1038.55,1.1,-0.32,-0.024,0.0,159937,黄金ETF基金,2025-09-06 17:14:18,,,,,,,,,,,,,,,,,,,,,,,,
2025-06-13,7.599,7.639,7.557,7.572,165764400.0,1255.17,1.1,1.15,0.086,0.0,159937,黄金ETF基金,2025-09-06 17:14:18,,,,,,,,,,,,,,,,,,,,,,,,
2025-06-12,7.489,7.501,7.463,7.486,93134000.0,697.2,0.51,0.97,0.072,0.0,159937,黄金ETF基金,2025-09-06 17:14:18,,,,,,,,,,,,,,,,,,,,,,,,
2025-06-11,7.412,7.43,7.393,7.414,115818700.0,858.68,0.5,0.23,0.017,0.0,159937,黄金ETF基金,2025-09-06 17:14:18,,,,,,,,,,,,,,,,,,,,,,,,
2025-06-10,7.35,7.404,7.338,7.397,104184800.0,770.65,0.89,0.15,0.011,0.0,159937,黄金ETF基金,2025-09-06 17:14:18,,,,,,,,,,,,,,,,,,,,,,,,
2025-06-09,7.353,7.39,7.316,7.386,90001200.0,664.75,0.99,-1.07,-0.08,0.0,159937,黄金ETF基金,2025-09-06 17:14:18,,,,,,,,,,,,,,,,,,,,,,,,
2025-06-06,7.468,7.481,7.457,7.466,54670600.0,408.17,0.32,-0.05,-0.004,0.0,159937,黄金ETF基金,2025-09-06 17:14:18,,,,,,,,,,,,,,,,,,,,,,,,
2025-06-05,7.488,7.491,7.457,7.47,40467500.0,302.29,0.46,0.12,0.009,0.0,159937,黄金ETF基金,2025-09-06 17:14:18,,,,,,,,,,,,,,,,,,,,,,,,
2025-06-04,7.472,7.491,7.446,7.461,72948700.0,544.27,0.6,-0.05,-0.004,0.0,159937,黄金ETF基金,2025-09-06 17:14:18,,,,,,,,,,,,,,,,,,,,,,,,
2025-06-03,7.49,7.509,7.452,7.465,84963500.0,634.25,0.77,1.5,0.11,0.0,159937,黄金ETF基金,2025-09-06 17:14:18,,,,,,,,,,,,,,,,,,,,,,,,
2025-05-30,7.377,7.379,7.322,7.355,57105800.0,420.01,0.78,0.95,0.069,0.0,159937,黄金ETF基金,2025-09-06 17:14:18,,,,,,,,,,,,,,,,,,,,,,,,
2025-05-29,7.262,7.299,7.248,7.286,75959700.0,553.44,0.69,-1.03,-0.076,0.0,159937,黄金ETF基金,2025-09-06 17:14:18,,,,,,,,,,,,,,,,,,,,,,,,
2025-05-28,7.353,7.375,7.329,7.362,86881692.0,639.62,0.63,0.16,0.012,0.0,159937,黄金ETF基金,2025-09-06 17:14:18,,,,,,,,,,,,,,,,,,,,,,,,
2025-05-27,7.43,7.446,7.346,7.35,119190100.0,876.05,1.35,-0.92,-0.068,0.0,159937,黄金ETF基金,2025-09-06 17:14:18,,,,,,,,,,,,,,,,,,,,,,,,
2025-05-26,7.416,7.46,7.412,7.418,82729400.0,613.69,0.65,-0.24,-0.018,0.0,159937,黄金ETF基金,2025-09-06 17:14:18,,,,,,,,,,,,,,,,,,,,,,,,
2025-05-23,7.392,7.443,7.36,7.436,126777000.0,942.71,1.12,0.01,0.001,0.0,159937,黄金ETF基金,2025-09-06 17:14:18,,,,,,,,,,,,,,,,,,,,,,,,
2025-05-22,7.46,7.489,7.434,7.435,103730600.0,771.24,0.74,0.15,0.011,0.0,159937,黄金ETF基金,2025-09-06 17:14:18,,,,,,,,,,,,,,,,,,,,,,,,
2025-05-21,7.377,7.429,7.35,7.424,110582700.0,820.97,1.1,3.17,0.228,0.0,159937,黄金ETF基金,2025-09-06 17:14:18,,,,,,,,,,,,,,,,,,,,,,,,
2025-05-20,7.203,7.227,7.185,7.196,91975262.0,661.85,0.58,-0.22,-0.016,0.0,159937,黄金ETF基金,2025-09-06 17:14:18,,,,,,,,,,,,,,,,,,,,,,,,
2025-05-19,7.2,7.221,7.181,7.212,98428100.0,709.86,0.56,0.68,0.049,0.0,159937,黄金ETF基金,2025-09-06 17:14:18,,,,,,,,,,,,,,,,,,,,,,,,
2025-05-16,7.173,7.193,7.146,7.163,163831700.0,1173.53,0.67,1.5,0.106,0.0,159937,黄金ETF基金,2025-09-06 17:14:18,,,,,,,,,,,,,,,,,,,,,,,,
2025-05-15,7.172,7.172,6.993,7.057,229596710.0,1620.26,2.46,-2.85,-0.207,0.0,159937,黄金ETF基金,2025-09-06 17:14:18,,,,,,,,,,,,,,,,,,,,,,,,
2025-05-14,7.291,7.309,7.251,7.264,110452700.0,802.33,0.79,-0.72,-0.053,0.0,159937,黄金ETF基金,2025-09-06 17:14:18,,,,,,,,,,,,,,,,,,,,,,,,
2025-05-13,7.272,7.327,7.211,7.317,136895200.0,1001.66,1.58,-0.61,-0.045,0.0,159937,黄金ETF基金,2025-09-06 17:14:18,,,,,,,,,,,,,,,,,,,,,,,,
2025-05-12,7.345,7.387,7.336,7.362,150341900.0,1106.82,0.68,-2.06,-0.155,0.0,159937,黄金ETF基金,2025-09-06 17:14:18,,,,,,,,,,,,,,,,,,,,,,,,
2025-05-09,7.488,7.54,7.415,7.517,158096400.0,1188.41,1.66,-0.32,-0.024,0.0,159937,黄金ETF基金,2025-09-06 17:14:18,,,,,,,,,,,,,,,,,,,,,,,,
2025-05-08,7.667,7.719,7.523,7.541,236270900.0,1781.72,2.56,-1.51,-0.116,0.0,159937,黄金ETF基金,2025-09-06 17:14:18,,,,,,,,,,,,,,,,,,,,,,,,
2025-05-07,7.599,7.669,7.579,7.657,144386700.0,1105.57,1.18,0.79,0.06,0.0,159937,黄金ETF基金,2025-09-06 17:14:18,,,,,,,,,,,,,,,,,,,,,,,,
2025-05-06,7.59,7.644,7.558,7.597,176407700.0,1340.17,1.15,1.88,0.14,0.0,159937,黄金ETF基金,2025-09-06 17:14:18,,,,,,,,,,,,,,,,,,,,,,,,
2025-04-30,7.509,7.515,7.454,7.457,68817000.0,513.17,0.81,-0.61,-0.046,0.0,159937,黄金ETF基金,2025-09-06 17:14:18,,,,,,,,,,,,,,,,,,,,,,,,
2025-04-29,7.545,7.576,7.475,7.503,114387700.0,858.25,1.35,0.63,0.047,0.0,159937,黄金ETF基金,2025-09-06 17:14:18,,,,,,,,,,,,,,,,,,,,,,,,
2025-04-28,7.509,7.509,7.433,7.456,127133800.0,947.91,1.01,-0.84,-0.063,0.0,159937,黄金ETF基金,2025-09-06 17:14:18,,,,,,,,,,,,,,,,,,,,,,,,
2025-04-25,7.644,7.644,7.475,7.519,129698700.0,975.2,2.23,-0.61,-0.046,0.0,159937,黄金ETF基金,2025-09-06 17:14:18,,,,,,,,,,,,,,,,,,,,,,,,
2025-04-24,7.661,7.695,7.538,7.565,177888400.0,1345.73,2.1,1.0,0.075,0.0,159937,黄金ETF基金,2025-09-06 17:14:18,,,,,,,,,,,,,,,,,,,,,,,,
2025-04-23,7.727,7.749,7.482,7.49,340673892.0,2551.65,3.35,-5.99,-0.477,0.0,159937,黄金ETF基金,2025-09-06 17:14:18,,,,,,,,,,,,,,,,,,,,,,,,
2025-04-22,7.85,8.01,7.85,7.967,395506700.0,3151.0,2.07,3.27,0.252,0.0,159937,黄金ETF基金,2025-09-06 17:14:18,,,,,,,,,,,,,,,,,,,,,,,,
2025-04-21,7.682,7.717,7.666,7.715,161828200.0,1248.5,0.67,1.88,0.142,0.0,159937,黄金ETF基金,2025-09-06 17:14:18,,,,,,,,,,,,,,,,,,,,,,,,
2025-04-18,7.557,7.579,7.525,7.573,68570400.0,519.28,0.71,0.21,0.016,0.0,159937,黄金ETF基金,2025-09-06 17:14:18,,,,,,,,,,,,,,,,,,,,,,,,
2025-04-17,7.704,7.704,7.536,7.557,170758500.0,1290.42,2.24,0.93,0.07,0.0,159937,黄金ETF基金,2025-09-06 17:14:18,,,,,,,,,,,,,,,,,,,,,,,,
2025-04-16,7.431,7.493,7.408,7.487,268192200.0,2007.96,1.16,2.39,0.175,0.0,159937,黄金ETF基金,2025-09-06 17:14:18,,,,,,,,,,,,,,,,,,,,,,,,
2025-04-15,7.318,7.326,7.304,7.312,100901000.0,737.79,0.3,-0.05,-0.004,0.0,159937,黄金ETF基金,2025-09-06 17:14:18,,,,,,,,,,,,,,,,,,,,,,,,
2025-04-14,7.278,7.351,7.278,7.316,310782300.0,2273.68,1.01,0.8,0.058,0.0,159937,黄金ETF基金,2025-09-06 17:14:18,,,,,,,,,,,,,,,,,,,,,,,,
2025-04-11,7.32,7.323,7.211,7.258,174490600.0,1266.45,1.57,1.74,0.124,0.0,159937,黄金ETF基金,2025-09-06 17:14:18,,,,,,,,,,,,,,,,,,,,,,,,
2025-04-10,7.075,7.164,7.067,7.134,153977860.0,1098.48,1.39,2.18,0.152,0.0,159937,黄金ETF基金,2025-09-06 17:14:18,,,,,,,,,,,,,,,,,,,,,,,,
2025-04-09,6.903,6.982,6.865,6.982,115788500.0,808.44,1.69,1.12,0.077,0.0,159937,黄金ETF基金,2025-09-06 17:14:18,,,,,,,,,,,,,,,,,,,,,,,,
2025-04-08,6.864,6.919,6.839,6.905,93879600.0,648.24,1.17,0.61,0.042,0.0,159937,黄金ETF基金,2025-09-06 17:14:18,,,,,,,,,,,,,,,,,,,,,,,,
2025-04-07,6.822,6.975,6.821,6.863,139678200.0,958.61,2.17,-3.09,-0.219,0.0,159937,黄金ETF基金,2025-09-06 17:14:18,,,,,,,,,,,,,,,,,,,,,,,,
2025-04-03,7.132,7.176,7.056,7.082,122455300.0,867.23,1.71,0.77,0.054,0.0,159937,黄金ETF基金,2025-09-06 17:14:18,,,,,,,,,,,,,,,,,,,,,,,,
2025-04-02,7.052,7.072,7.009,7.028,80708200.0,567.22,0.89,-0.3,-0.021,0.0,159937,黄金ETF基金,2025-09-06 17:14:18,,,,,,,,,,,,,,,,,,,,,,,,
2025-04-01,7.037,7.085,7.03,7.049,77243900.0,544.49,0.79,0.8,0.056,0.0,159937,黄金ETF基金,2025-09-06 17:14:18,,,,,,,,,,,,,,,,,,,,,,,,
2025-03-31,6.927,7.03,6.927,6.993,62838300.0,439.43,1.49,0.95,0.066,0.0,159937,黄金ETF基金,2025-09-06 17:14:18,,,,,,,,,,,,,,,,,,,,,,,,
2025-03-28,6.889,6.928,6.883,6.927,36320500.0,251.59,0.66,1.91,0.13,0.0,159937,黄金ETF基金,2025-09-06 17:14:18,,,,,,,,,,,,,,,,,,,,,,,,
2025-03-27,6.792,6.807,6.781,6.797,91452900.0,621.61,0.38,0.21,0.014,0.0,159937,黄金ETF基金,2025-09-06 17:14:18,,,,,,,,,,,,,,,,,,,,,,,,
2025-03-26,6.764,6.785,6.762,6.783,36090600.0,244.8,0.34,0.36,0.024,0.0,159937,黄金ETF基金,2025-09-06 17:14:18,,,,,,,,,,,,,,,,,,,,,,,,
2025-03-25,6.759,6.767,6.741,6.759,19513900.0,131.89,0.38,-0.13,-0.009,0.0,159937,黄金ETF基金,2025-09-06 17:14:18,,,,,,,,,,,,,,,,,,,,,,,,
2025-03-24,6.764,6.772,6.748,6.768,50726200.0,343.31,0.35,0.1,0.007,0.0,159937,黄金ETF基金,2025-09-06 17:14:18,,,,,,,,,,,,,,,,,,,,,,,,
2025-03-21,6.799,6.799,6.751,6.761,23936440.0,161.83,0.71,-0.56,-0.038,0.0,159937,黄金ETF基金,2025-09-06 17:14:18,,,,,,,,,,,,,,,,,,,,,,,,
2025-03-20,6.81,6.817,6.789,6.799,35476640.0,241.21,0.41,0.18,0.012,0.0,159937,黄金ETF基金,2025-09-06 17:14:18,,,,,,,,,,,,,,,,,,,,,,,,
2025-03-19,6.743,6.795,6.742,6.787,30611200.0,207.76,0.79,1.01,0.068,0.0,159937,黄金ETF基金,2025-09-06 17:14:18,,,,,,,,,,,,,,,,,,,,,,,,
2025-03-18,6.687,6.725,6.687,6.719,33344660.0,224.04,0.57,0.76,0.051,0.0,159937,黄金ETF基金,2025-09-06 17:14:18,,,,,,,,,,,,,,,,,,,,,,,,
2025-03-17,6.665,6.67,6.649,6.668,23412900.0,156.12,0.32,0.09,0.006,0.0,159937,黄金ETF基金,2025-09-06 17:14:18,,,,,,,,,,,,,,,,,,,,,,,,
2025-03-14,6.681,6.681,6.65,6.662,40079300.0,267.01,0.47,1.48,0.097,0.0,159937,黄金ETF基金,2025-09-06 17:14:18,,,,,,,,,,,,,,,,,,,,,,,,
2025-03-13,6.572,6.574,6.559,6.565,12610600.0,82.79,0.23,0.75,0.049,0.0,159937,黄金ETF基金,2025-09-06 17:14:18,,,,,,,,,,,,,,,,,,,,,,,,
2025-03-12,6.502,6.523,6.502,6.516,33450600.0,217.96,0.32,0.32,0.021,0.0,159937,黄金ETF基金,2025-09-06 17:14:18,,,,,,,,,,,,,,,,,,,,,,,,
2025-03-11,6.483,6.498,6.479,6.495,27635700.0,179.49,0.29,-0.55,-0.036,0.0,159937,黄金ETF基金,2025-09-06 17:14:18,,,,,,,,,,,,,,,,,,,,,,,,
2025-03-10,6.521,6.531,6.518,6.531,9519900.0,62.17,0.2,0.26,0.017,0.0,159937,黄金ETF基金,2025-09-06 17:14:18,,,,,,,,,,,,,,,,,,,,,,,,
2025-03-07,6.5,6.521,6.494,6.514,36287100.0,236.37,0.41,-0.17,-0.011,0.0,159937,黄金ETF基金,2025-09-06 17:14:18,,,,,,,,,,,,,,,,,,,,,,,,
2025-03-06,6.529,6.536,6.515,6.525,15970300.0,104.21,0.32,-0.15,-0.01,0.0,159937,黄金ETF基金,2025-09-06 17:14:18,,,,,,,,,,,,,,,,,,,,,,,,
2025-03-05,6.518,6.541,6.505,6.535,34231884.0,223.71,0.56,0.76,0.049,0.0,159937,黄金ETF基金,2025-09-06 17:14:18,,,,,,,,,,,,,,,,,,,,,,,,
2025-03-04,6.492,6.497,6.479,6.486,23343100.0,151.4,0.28,0.67,0.043,0.0,159937,黄金ETF基金,2025-09-06 17:14:18,,,,,,,,,,,,,,,,,,,,,,,,
2025-03-03,6.438,6.447,6.426,6.443,27923300.0,179.91,0.33,0.17,0.011,0.0,159937,黄金ETF基金,2025-09-06 17:14:18,,,,,,,,,,,,,,,,,,,,,,,,
2025-02-28,6.48,6.48,6.428,6.432,36445900.0,234.42,0.8,-0.83,-0.054,0.0,159937,黄金ETF基金,2025-09-06 17:14:18,,,,,,,,,,,,,,,,,,,,,,,,
2025-02-27,6.523,6.534,6.476,6.486,32992700.0,213.99,0.89,-0.32,-0.021,0.0,159937,黄金ETF基金,2025-09-06 17:14:18,,,,,,,,,,,,,,,,,,,,,,,,
2025-02-26,6.57,6.57,6.506,6.507,48811000.0,317.61,0.97,-1.0,-0.066,0.0,159937,黄金ETF基金,2025-09-06 17:14:18,,,,,,,,,,,,,,,,,,,,,,,,
2025-02-25,6.597,6.604,6.568,6.573,61591100.0,404.84,0.55,-0.02,-0.001,0.0,159937,黄金ETF基金,2025-09-06 17:14:18,,,,,,,,,,,,,,,,,,,,,,,,
2025-02-24,6.54,6.578,6.537,6.574,62791600.0,412.79,0.63,0.27,0.018,0.0,159937,黄金ETF基金,2025-09-06 17:14:18,,,,,,,,,,,,,,,,,,,,,,,,
2025-02-21,6.603,6.603,6.534,6.556,23364600.0,153.18,1.04,-0.79,-0.052,0.0,159937,黄金ETF基金,2025-09-06 17:14:18,,,,,,,,,,,,,,,,,,,,,,,,
2025-02-20,6.601,6.608,6.587,6.608,12634400.0,83.49,0.32,0.33,0.022,0.0,159937,黄金ETF基金,2025-09-06 17:14:18,,,,,,,,,,,,,,,,,,,,,,,,
2025-02-19,6.586,6.613,6.567,6.586,20791600.0,136.93,0.7,0.63,0.041,0.0,159937,黄金ETF基金,2025-09-06 17:14:18,,,,,,,,,,,,,,,,,,,,,,,,
2025-02-18,6.49,6.552,6.488,6.545,24984130.0,163.52,0.99,0.96,0.062,0.0,159937,黄金ETF基金,2025-09-06 17:14:18,,,,,,,,,,,,,,,,,,,,,,,,
2025-02-17,6.453,6.499,6.453,6.483,28748700.0,186.38,0.7,-1.65,-0.109,0.0,159937,黄金ETF基金,2025-09-06 17:14:18,,,,,,,,,,,,,,,,,,,,,,,,
2025-02-14,6.59,6.597,6.577,6.592,14462000.0,95.33,0.3,0.49,0.032,0.0,159937,黄金ETF基金,2025-09-06 17:14:18,,,,,,,,,,,,,,,,,,,,,,,,
2025-02-13,6.553,6.576,6.548,6.56,21014800.0,137.86,0.43,0.52,0.034,0.0,159937,黄金ETF基金,2025-09-06 17:14:18,,,,,,,,,,,,,,,,,,,,,,,,
2025-02-12,6.536,6.536,6.501,6.526,28417400.0,185.45,0.53,-0.67,-0.044,0.0,159937,黄金ETF基金,2025-09-06 17:14:18,,,,,,,,,,,,,,,,,,,,,,,,
2025-02-11,6.63,6.634,6.531,6.57,48532900.0,318.86,1.58,1.01,0.066,0.0,159937,黄金ETF基金,2025-09-06 17:14:18,,,,,,,,,,,,,,,,,,,,,,,,
2025-02-10,6.451,6.509,6.451,6.504,34260300.0,222.83,0.9,1.47,0.094,0.0,159937,黄金ETF基金,2025-09-06 17:14:18,,,,,,,,,,,,,,,,,,,,,,,,
2025-02-07,6.412,6.427,6.405,6.41,19655700.0,125.99,0.34,0.16,0.01,0.0,159937,黄金ETF基金,2025-09-06 17:14:18,,,,,,,,,,,,,,,,,,,,,,,,
2025-02-06,6.432,6.442,6.399,6.4,25760500.0,164.87,0.67,-0.44,-0.028,0.0,159937,黄金ETF基金,2025-09-06 17:14:18,,,,,,,,,,,,,,,,,,,,,,,,
2025-02-05,6.39,6.428,6.377,6.428,25629200.0,164.74,0.82,3.84,0.238,0.0,159937,黄金ETF基金,2025-09-06 17:14:18,,,,,,,,,,,,,,,,,,,,,,,,
2025-01-27,6.209,6.21,6.173,6.19,26930800.0,166.7,0.6,-0.31,-0.019,0.0,159937,黄金ETF基金,2025-09-06 17:14:18,,,,,,,,,,,,,,,,,,,,,,,,
2025-01-24,6.201,6.217,6.193,6.209,32013200.0,198.77,0.39,0.5,0.031,0.0,159937,黄金ETF基金,2025-09-06 17:14:18,,,,,,,,,,,,,,,,,,,,,,,,
2025-01-23,6.18,6.186,6.173,6.178,17885300.0,110.5,0.21,0.08,0.005,0.0,159937,黄金ETF基金,2025-09-06 17:14:18,,,,,,,,,,,,,,,,,,,,,,,,
2025-01-22,6.161,6.208,6.157,6.173,35962800.0,222.0,0.83,0.87,0.053,0.0,159937,黄金ETF基金,2025-09-06 17:14:18,,,,,,,,,,,,,,,,,,,,,,,,
2025-01-21,6.096,6.123,6.092,6.12,25298700.0,154.83,0.51,-0.03,-0.002,0.0,159937,黄金ETF基金,2025-09-06 17:14:18,,,,,,,,,,,,,,,,,,,,,,,,
2025-01-20,6.073,6.123,6.073,6.122,35877500.0,219.64,0.82,-0.11,-0.007,0.0,159937,黄金ETF基金,2025-09-06 17:14:18,,,,,,,,,,,,,,,,,,,,,,,,
2025-01-17,6.14,6.152,6.127,6.129,24624500.0,150.92,0.41,0.23,0.014,0.0,159937,黄金ETF基金,2025-09-06 17:14:18,,,,,,,,,,,,,,,,,,,,,,,,
2025-01-16,6.126,6.131,6.105,6.115,55309700.0,338.22,0.43,0.3,0.018,0.0,159937,黄金ETF基金,2025-09-06 17:14:18,,,,,,,,,,,,,,,,,,,,,,,,
2025-01-15,6.066,6.1,6.063,6.097,49139200.0,299.6,0.61,0.59,0.036,0.0,159937,黄金ETF基金,2025-09-06 17:14:18,,,,,,,,,,,,,,,,,,,,,,,,
2025-01-14,6.068,6.07,6.055,6.061,29119300.0,176.49,0.25,-0.8,-0.049,0.0,159937,黄金ETF基金,2025-09-06 17:14:18,,,,,,,,,,,,,,,,,,,,,,,,
2025-01-13,6.099,6.124,6.096,6.11,27836700.0,170.08,0.46,0.18,0.011,0.0,159937,黄金ETF基金,2025-09-06 17:14:18,,,,,,,,,,,,,,,,,,,,,,,,
2025-01-10,6.086,6.099,6.069,6.099,19973000.0,121.82,0.5,0.78,0.047,0.0,159937,黄金ETF基金,2025-09-06 17:14:18,,,,,,,,,,,,,,,,,,,,,,,,
2025-01-09,6.035,6.052,6.026,6.052,19352800.0,117.12,0.43,0.43,0.026,0.0,159937,黄金ETF基金,2025-09-06 17:14:18,,,,,,,,,,,,,,,,,,,,,,,,
2025-01-08,6.004,6.027,6.003,6.026,22671485.0,136.62,0.4,0.53,0.032,0.0,159937,黄金ETF基金,2025-09-06 17:14:18,,,,,,,,,,,,,,,,,,,,,,,,
2025-01-07,5.992,6.002,5.983,5.994,19745700.0,118.36,0.32,0.17,0.01,0.0,159937,黄金ETF基金,2025-09-06 17:14:18,,,,,,,,,,,,,,,,,,,,,,,,
2025-01-06,6.018,6.018,5.981,5.984,30103800.0,180.14,0.61,-0.58,-0.035,0.0,159937,黄金ETF基金,2025-09-06 17:14:18,,,,,,,,,,,,,,,,,,,,,,,,
2025-01-03,6.01,6.026,6.005,6.019,22129500.0,133.2,0.35,0.84,0.05,0.0,159937,黄金ETF基金,2025-09-06 17:14:18,,,,,,,,,,,,,,,,,,,,,,,,
2025-01-02,5.963,5.977,5.956,5.969,18563900.0,110.81,0.35,0.83,0.049,0.0,159937,黄金ETF基金,2025-09-06 17:14:18,,,,,,,,,,,,,,,,,,,,,,,,
2024-12-31,5.908,5.926,5.893,5.92,25715300.0,152.23,0.56,0.05,0.003,0.0,159937,黄金ETF基金,2025-09-06 17:14:18,,,,,,,,,,,,,,,,,,,,,,,,
2024-12-30,5.931,5.936,5.915,5.917,40244800.0,238.13,0.35,-0.39,-0.023,0.0,159937,黄金ETF基金,2025-09-06 17:14:18,,,,,,,,,,,,,,,,,,,,,,,,
2024-12-27,5.944,5.945,5.934,5.94,20590510.0,122.31,0.19,0.12,0.007,0.0,159937,黄金ETF基金,2025-09-06 17:14:18,,,,,,,,,,,,,,,,,,,,,,,,
2024-12-26,5.941,5.949,5.931,5.933,11898700.0,70.59,0.3,0.08,0.005,0.0,159937,黄金ETF基金,2025-09-06 17:14:18,,,,,,,,,,,,,,,,,,,,,,,,
2024-12-25,5.923,5.933,5.923,5.928,7226100.0,42.84,0.17,0.24,0.014,0.0,159937,黄金ETF基金,2025-09-06 17:14:18,,,,,,,,,,,,,,,,,,,,,,,,
2024-12-24,5.922,5.924,5.911,5.914,16795600.0,99.33,0.22,-0.47,-0.028,0.0,159937,黄金ETF基金,2025-09-06 17:14:18,,,,,,,,,,,,,,,,,,,,,,,,
2024-12-23,5.91,5.944,5.91,5.942,19672000.0,116.89,0.58,0.87,0.051,0.0,159937,黄金ETF基金,2025-09-06 17:14:18,,,,,,,,,,,,,,,,,,,,,,,,
2024-12-20,5.869,5.891,5.859,5.891,21321400.0,125.6,0.54,0.22,0.013,0.0,159937,黄金ETF基金,2025-09-06 17:14:18,,,,,,,,,,,,,,,,,,,,,,,,
2024-12-19,5.87,5.898,5.864,5.878,30671900.0,180.29,0.57,-0.83,-0.049,0.0,159937,黄金ETF基金,2025-09-06 17:14:18,,,,,,,,,,,,,,,,,,,,,,,,
2024-12-18,5.936,5.942,5.925,5.927,42027100.0,249.09,0.29,-0.15,-0.009,0.0,159937,黄金ETF基金,2025-09-06 17:14:18,,,,,,,,,,,,,,,,,,,,,,,,
2024-12-17,5.948,5.961,5.931,5.936,34105344.0,202.45,0.51,-0.02,-0.001,0.0,159937,黄金ETF基金,2025-09-06 17:14:18,,,,,,,,,,,,,,,,,,,,,,,,
2024-12-16,5.94,5.94,5.927,5.937,29613400.0,175.81,0.22,-0.92,-0.055,0.0,159937,黄金ETF基金,2025-09-06 17:14:18,,,,,,,,,,,,,,,,,,,,,,,,
2024-12-13,6.011,6.011,5.984,5.992,37466700.0,224.5,0.45,-0.83,-0.05,0.0,159937,黄金ETF基金,2025-09-06 17:14:18,,,,,,,,,,,,,,,,,,,,,,,,
2024-12-12,6.033,6.042,6.019,6.042,32856800.0,198.52,0.38,0.6,0.036,0.0,159937,黄金ETF基金,2025-09-06 17:14:18,,,,,,,,,,,,,,,,,,,,,,,,
2024-12-11,6.013,6.025,5.971,6.006,41540500.0,249.49,0.91,0.86,0.051,0.0,159937,黄金ETF基金,2025-09-06 17:14:18,,,,,,,,,,,,,,,,,,,,,,,,
2024-12-10,5.963,5.969,5.943,5.955,34060316.0,202.83,0.44,0.39,0.023,0.0,159937,黄金ETF基金,2025-09-06 17:14:18,,,,,,,,,,,,,,,,,,,,,,,,
2024-12-09,5.93,5.94,5.918,5.932,31319945.0,185.79,0.37,0.64,0.038,0.0,159937,黄金ETF基金,2025-09-06 17:14:18,,,,,,,,,,,,,,,,,,,,,,,,
2024-12-06,5.855,5.906,5.855,5.894,67461800.0,397.62,0.86,-0.46,-0.027,0.0,159937,黄金ETF基金,2025-09-06 17:14:18,,,,,,,,,,,,,,,,,,,,,,,,
2024-12-05,5.924,5.937,5.916,5.921,26253700.0,155.45,0.35,0.0,0.0,0.0,159937,黄金ETF基金,2025-09-06 17:14:18,,,,,,,,,,,,,,,,,,,,,,,,
2024-12-04,5.914,5.932,5.907,5.921,17934400.0,106.19,0.42,-0.13,-0.008,0.0,159937,黄金ETF基金,2025-09-06 17:14:18,,,,,,,,,,,,,,,,,,,,,,,,
2024-12-03,5.909,5.938,5.904,5.929,34618700.0,205.25,0.58,1.07,0.063,0.0,159937,黄金ETF基金,2025-09-06 17:14:18,,,,,,,,,,,,,,,,,,,,,,,,
2024-12-02,5.848,5.879,5.838,5.866,56214836.0,329.76,0.69,-0.88,-0.052,0.0,159937,黄金ETF基金,2025-09-06 17:14:18,,,,,,,,,,,,,,,,,,,,,,,,
2024-11-29,5.865,5.921,5.865,5.918,36672635.0,217.03,0.96,0.96,0.056,0.0,159937,黄金ETF基金,2025-09-06 17:14:18,,,,,,,,,,,,,,,,,,,,,,,,
2024-11-28,5.83,5.871,5.819,5.862,31501400.0,184.66,0.88,-0.53,-0.031,0.0,159937,黄金ETF基金,2025-09-06 17:14:18,,,,,,,,,,,,,,,,,,,,,,,,
2024-11-27,5.844,5.897,5.844,5.893,32161800.0,189.53,0.91,0.99,0.058,0.0,159937,黄金ETF基金,2025-09-06 17:14:18,,,,,,,,,,,,,,,,,,,,,,,,
2024-11-26,5.828,5.849,5.818,5.835,34995800.0,204.2,0.53,-1.17,-0.069,0.0,159937,黄金ETF基金,2025-09-06 17:14:18,,,,,,,,,,,,,,,,,,,,,,,,
2024-11-25,6.0,6.008,5.886,5.904,72009100.0,425.14,2.03,-1.63,-0.098,0.0,159937,黄金ETF基金,2025-09-06 17:14:18,,,,,,,,,,,,,,,,,,,,,,,,
2024-11-22,5.956,6.002,5.956,6.002,39776935.0,238.74,0.78,1.27,0.075,0.0,159937,黄金ETF基金,2025-09-06 17:14:18,,,,,,,,,,,,,,,,,,,,,,,,
2024-11-21,5.91,5.928,5.902,5.927,42703686.0,253.1,0.44,1.25,0.073,0.0,159937,黄金ETF基金,2025-09-06 17:14:18,,,,,,,,,,,,,,,,,,,,,,,,
2024-11-20,5.887,5.887,5.853,5.854,29650700.0,173.58,0.58,0.05,0.003,0.0,159937,黄金ETF基金,2025-09-06 17:14:18,,,,,,,,,,,,,,,,,,,,,,,,
2024-11-19,5.812,5.852,5.8,5.851,47917400.0,280.36,0.9,1.69,0.097,0.0,159937,黄金ETF基金,2025-09-06 17:14:18,,,,,,,,,,,,,,,,,,,,,,,,
2024-11-18,5.739,5.767,5.731,5.754,48676900.0,280.09,0.63,1.36,0.077,0.0,159937,黄金ETF基金,2025-09-06 17:14:18,,,,,,,,,,,,,,,,,,,,,,,,
2024-11-15,5.704,5.71,5.662,5.677,85660300.0,486.29,0.85,-0.05,-0.003,0.0,159937,黄金ETF基金,2025-09-06 17:14:18,,,,,,,,,,,,,,,,,,,,,,,,
2024-11-14,5.715,5.724,5.671,5.68,42603500.0,241.99,0.91,-1.98,-0.115,0.0,159937,黄金ETF基金,2025-09-06 17:14:18,,,,,,,,,,,,,,,,,,,,,,,,
2024-11-13,5.804,5.81,5.791,5.795,27250800.0,157.92,0.33,-0.14,-0.008,0.0,159937,黄金ETF基金,2025-09-06 17:14:18,,,,,,,,,,,,,,,,,,,,,,,,
2024-11-12,5.81,5.834,5.793,5.803,45265300.0,262.67,0.7,-1.63,-0.096,0.0,159937,黄金ETF基金,2025-09-06 17:14:18,,,,,,,,,,,,,,,,,,,,,,,,
2024-11-11,5.895,5.908,5.885,5.899,24818300.0,146.4,0.39,-0.05,-0.003,0.0,159937,黄金ETF基金,2025-09-06 17:14:18,,,,,,,,,,,,,,,,,,,,,,,,
2024-11-08,5.9,5.94,5.886,5.902,38602200.0,227.83,0.92,0.84,0.049,0.0,159937,黄金ETF基金,2025-09-06 17:14:18,,,,,,,,,,,,,,,,,,,,,,,,
2024-11-07,5.861,5.873,5.852,5.853,37884441.0,221.74,0.35,-2.27,-0.136,0.0,159937,黄金ETF基金,2025-09-06 17:14:18,,,,,,,,,,,,,,,,,,,,,,,,
2024-11-06,6.01,6.054,5.967,5.989,61595400.0,368.89,1.45,-0.15,-0.009,0.0,159937,黄金ETF基金,2025-09-06 17:14:18,,,,,,,,,,,,,,,,,,,,,,,,
2024-11-05,5.992,5.999,5.961,5.998,49993000.0,299.86,0.63,0.08,0.005,0.0,159937,黄金ETF基金,2025-09-06 17:14:18,,,,,,,,,,,,,,,,,,,,,,,,
2024-11-04,6.02,6.02,5.983,5.993,40688200.0,243.84,0.61,-0.81,-0.049,0.0,159937,黄金ETF基金,2025-09-06 17:14:18,,,,,,,,,,,,,,,,,,,,,,,,
2024-11-01,6.019,6.059,6.013,6.042,38369400.0,231.83,0.75,-0.9,-0.055,0.0,159937,黄金ETF基金,2025-09-06 17:14:18,,,,,,,,,,,,,,,,,,,,,,,,
2024-10-31,6.127,6.128,6.097,6.097,46541500.0,283.76,0.51,-0.57,-0.035,0.0,159937,黄金ETF基金,2025-09-06 17:14:18,,,,,,,,,,,,,,,,,,,,,,,,
2024-10-30,6.121,6.135,6.099,6.132,48599500.0,298.01,0.59,1.17,0.071,0.0,159937,黄金ETF基金,2025-09-06 17:14:18,,,,,,,,,,,,,,,,,,,,,,,,
2024-10-29,6.027,6.061,6.027,6.061,46017100.0,278.91,0.57,0.85,0.051,0.0,159937,黄金ETF基金,2025-09-06 17:14:18,,,,,,,,,,,,,,,,,,,,,,,,
2024-10-28,6.0,6.02,5.981,6.01,50657000.0,304.45,0.65,0.37,0.022,0.0,159937,黄金ETF基金,2025-09-06 17:14:18,,,,,,,,,,,,,,,,,,,,,,,,
2024-10-25,5.984,5.993,5.976,5.988,39230500.0,234.91,0.28,0.07,0.004,0.0,159937,黄金ETF基金,2025-09-06 17:14:18,,,,,,,,,,,,,,,,,,,,,,,,
2024-10-24,5.982,5.993,5.949,5.984,45137400.0,270.1,0.73,-0.98,-0.059,0.0,159937,黄金ETF基金,2025-09-06 17:14:18,,,,,,,,,,,,,,,,,,,,,,,,
2024-10-23,6.037,6.046,6.009,6.043,52374600.0,316.5,0.62,0.57,0.034,0.0,159937,黄金ETF基金,2025-09-06 17:14:18,,,,,,,,,,,,,,,,,,,,,,,,
2024-10-22,6.012,6.018,5.998,6.009,42436500.0,255.0,0.33,-0.03,-0.002,0.0,159937,黄金ETF基金,2025-09-06 17:14:18,,,,,,,,,,,,,,,,,,,,,,,,
2024-10-21,5.982,6.011,5.972,6.011,51494600.0,309.53,0.66,1.33,0.079,0.0,159937,黄金ETF基金,2025-09-06 17:14:18,,,,,,,,,,,,,,,,,,,,,,,,
2024-10-18,5.95,5.979,5.908,5.932,53884000.0,319.64,1.2,0.53,0.031,0.0,159937,黄金ETF基金,2025-09-06 17:14:18,,,,,,,,,,,,,,,,,,,,,,,,
2024-10-17,5.885,5.906,5.882,5.901,54086900.0,319.17,0.41,0.39,0.023,0.0,159937,黄金ETF基金,2025-09-06 17:14:18,,,,,,,,,,,,,,,,,,,,,,,,
2024-10-16,5.852,5.878,5.831,5.878,45020500.0,264.63,0.81,1.47,0.085,0.0,159937,黄金ETF基金,2025-09-06 17:14:18,,,,,,,,,,,,,,,,,,,,,,,,
2024-10-15,5.777,5.796,5.767,5.793,33402600.0,193.5,0.5,0.05,0.003,0.0,159937,黄金ETF基金,2025-09-06 17:14:18,,,,,,,,,,,,,,,,,,,,,,,,
2024-10-14,5.737,5.799,5.737,5.79,37940200.0,219.67,1.08,1.03,0.059,0.0,159937,黄金ETF基金,2025-09-06 17:14:18,,,,,,,,,,,,,,,,,,,,,,,,
2024-10-11,5.707,5.751,5.707,5.731,37061300.0,212.4,0.78,1.17,0.066,0.0,159937,黄金ETF基金,2025-09-06 17:14:18,,,,,,,,,,,,,,,,,,,,,,,,
2024-10-10,5.64,5.669,5.635,5.665,23199200.0,131.42,0.6,0.59,0.033,0.0,159937,黄金ETF基金,2025-09-06 17:14:18,,,,,,,,,,,,,,,,,,,,,,,,
2024-10-09,5.67,5.672,5.632,5.632,28175757.0,158.69,0.7,-1.37,-0.078,0.0,159937,黄金ETF基金,2025-09-06 17:14:18,,,,,,,,,,,,,,,,,,,,,,,,
2024-10-08,5.701,5.747,5.7,5.71,39311300.0,224.47,0.82,0.14,0.008,0.0,159937,黄金ETF基金,2025-09-06 17:14:18,,,,,,,,,,,,,,,,,,,,,,,,
2024-09-30,5.695,5.72,5.622,5.702,44652000.0,254.61,1.71,-0.63,-0.036,0.0,159937,黄金ETF基金,2025-09-06 17:14:18,,,,,,,,,,,,,,,,,,,,,,,,
2024-09-27,5.745,5.761,5.736,5.738,29368300.0,168.52,0.44,-0.1,-0.006,0.0,159937,黄金ETF基金,2025-09-06 17:14:18,,,,,,,,,,,,,,,,,,,,,,,,
2024-09-26,5.753,5.76,5.738,5.744,24819500.0,142.56,0.38,0.1,0.006,0.0,159937,黄金ETF基金,2025-09-06 17:14:18,,,,,,,,,,,,,,,,,,,,,,,,
2024-09-25,5.721,5.766,5.72,5.738,26354300.0,151.22,0.81,0.79,0.045,0.0,159937,黄金ETF基金,2025-09-06 17:14:18,,,,,,,,,,,,,,,,,,,,,,,,
2024-09-24,5.717,5.723,5.685,5.693,28732500.0,163.57,0.67,-0.19,-0.011,0.0,159937,黄金ETF基金,2025-09-06 17:14:18,,,,,,,,,,,,,,,,,,,,,,,,
2024-09-23,5.698,5.72,5.675,5.704,33010603.0,188.29,0.8,0.87,0.049,0.0,159937,黄金ETF基金,2025-09-06 17:14:18,,,,,,,,,,,,,,,,,,,,,,,,
2024-09-20,5.611,5.655,5.611,5.655,26124300.0,147.73,0.79,1.07,0.06,0.0,159937,黄金ETF基金,2025-09-06 17:14:18,,,,,,,,,,,,,,,,,,,,,,,,
2024-09-19,5.585,5.604,5.572,5.595,32324100.0,180.85,0.57,-0.12,-0.007,0.0,159937,黄金ETF基金,2025-09-06 17:14:18,,,,,,,,,,,,,,,,,,,,,,,,
2024-09-18,5.62,5.623,5.597,5.602,23140200.0,129.63,0.46,-0.04,-0.002,0.0,159937,黄金ETF基金,2025-09-06 17:14:18,,,,,,,,,,,,,,,,,,,,,,,,
2024-09-13,5.597,5.619,5.597,5.604,26942600.0,150.99,0.4,1.39,0.077,0.0,159937,黄金ETF基金,2025-09-06 17:14:18,,,,,,,,,,,,,,,,,,,,,,,,
2024-09-12,5.525,5.531,5.516,5.527,17869600.0,98.77,0.27,-0.18,-0.01,0.0,159937,黄金ETF基金,2025-09-06 17:14:18,,,,,,,,,,,,,,,,,,,,,,,,
2024-09-11,5.528,5.538,5.521,5.537,29086800.0,161.05,0.31,0.51,0.028,0.0,159937,黄金ETF基金,2025-09-06 17:14:18,,,,,,,,,,,,,,,,,,,,,,,,
2024-09-10,5.504,5.511,5.499,5.509,46558200.0,256.49,0.22,0.69,0.038,0.0,159937,黄金ETF基金,2025-09-06 17:14:18,,,,,,,,,,,,,,,,,,,,,,,,
2024-09-09,5.51,5.51,5.426,5.471,41873100.0,229.09,1.52,-0.76,-0.042,0.0,159937,黄金ETF基金,2025-09-06 17:14:18,,,,,,,,,,,,,,,,,,,,,,,,
2024-09-06,5.5,5.519,5.5,5.513,27623000.0,152.29,0.0,0.0,0.0,0.0,159937,黄金ETF基金,2025-09-06 17:14:18,,,,,,,,,,,,,,,,,,,,,,,,
