日期,开盘,最高,最低,收盘,成交量,成交额,振幅,涨跌幅,涨跌额,换手率,ETF代码,ETF名称,爬取时间,折溢价率,IOPV,前收盘,量比,委比,外盘,内盘,主力净流入-净额,主力净流入-净占比,超大单净流入-净额,超大单净流入-净占比,大单净流入-净额,大单净流入-净占比,中单净流入-净额,中单净流入-净占比,小单净流入-净额,小单净流入-净占比,现手,买一,卖一,最新份额,流通市值,总市值,更新时间
2025-09-22,8.359,8.414,8.33,8.408,115021799.0,9671032.86,1.0,0.59,0.049,,159934,黄金ETF,2025-09-22 21:52:51,,,,,,,,,,,,,,,,,,,,,,,,
2025-09-19,7.828,7.84,7.796,7.823,71636000.0,5604084.28,0.57,0.46,0.036,,159934,黄金ETF,2025-09-19 18:14:22,,,,,,,,,,,,,,,,,,,,,,,,
2025-09-18,7.829,7.875,7.782,7.787,147903235.0,11517224.91,1.18,-1.31,-0.103,,159934,黄金ETF,2025-09-19 18:14:22,,,,,,,,,,,,,,,,,,,,,,,,
2025-09-17,7.937,7.937,7.88,7.89,104856088.0,8273145.34,0.72,-0.59,-0.047,,159934,黄金ETF,2025-09-19 18:14:22,,,,,,,,,,,,,,,,,,,,,,,,
2025-09-16,7.939,7.954,7.911,7.953,82197400.0,6537159.22,0.54,0.18,0.014,,159934,黄金ETF,2025-09-18 22:22:51,,,,,,,,,,,,,,,,,,,,,,,,
2025-09-12,7.853,7.888,7.853,7.874,7597.44,598101194.5,0.45,0.34,0.027,2.39,159934,黄金ETF,2025-09-12 22:21:36,0.08,7.8804,7.847,0.6,13.52,414539.0,345205.0,18598586.0,3.11,-40704042.0,-6.81,59302628.0,9.92,1404866.0,0.23,-20003457.0,-3.34,-4160.0,7.874,7.875,3174762640.0,24998081027.0,24998081027.0,2025-09-12 15:34:36+08:00
2025-09-11,7.884,7.893,7.826,7.847,108211624.0,8491366.14,0.0,0.0,0.0,0.0,159934,黄金ETF,2025-09-11 22:22:15,0.0,,,,,,,,,,,,,,,,,,,,,,,
2025-09-10,7.835,7.874,7.818,7.873,94700662.0,7455783.12,0.0,0.0,0.0,0.0,159934,黄金ETF,2025-09-10 22:21:27,0.0,,,,,,,,,,,,,,,,,,,,,,,
2025-09-09,7.853,7.912,7.853,7.89,165309010.0,13042880.89,0.0,0.0,0.0,0.0,159934,黄金ETF,2025-09-09 18:57:38,,,,,,,,,,,,,,,,,,,,,,,,
2025-09-08,7.732,7.772,7.73,7.771,98272200.0,7636732.66,0.0,0.0,0.0,0.0,159934,黄金ETF,2025-09-08 18:27:51,,,,,,,,,,,,,,,,,,,,,,,,
2025-09-05,7.701,7.705,7.679,7.698,163536600.0,1258.9,0.34,0.34,0.026,0.0,159934,黄金ETF,2025-09-06 17:14:18,,,,,,,,,,,,,,,,,,,,,,,,
2025-09-04,7.712,7.716,7.619,7.672,140170600.0,1075.39,1.26,-0.2,-0.015,0.0,159934,黄金ETF,2025-09-06 17:14:18,,,,,,,,,,,,,,,,,,,,,,,,
2025-09-03,7.686,7.708,7.67,7.687,123791037.0,951.58,0.5,1.24,0.094,0.0,159934,黄金ETF,2025-09-06 17:14:18,,,,,,,,,,,,,,,,,,,,,,,,
2025-09-02,7.615,7.65,7.584,7.593,200942200.0,1525.75,0.87,0.41,0.031,0.0,159934,黄金ETF,2025-09-06 17:14:18,,,,,,,,,,,,,,,,,,,,,,,,
2025-09-01,7.469,7.574,7.469,7.562,257420076.0,1946.61,1.42,2.02,0.15,0.0,159934,黄金ETF,2025-09-06 17:14:18,,,,,,,,,,,,,,,,,,,,,,,,
2025-08-29,7.405,7.415,7.405,7.412,83674772.0,620.2,0.14,0.24,0.018,0.0,159934,黄金ETF,2025-09-06 17:14:18,,,,,,,,,,,,,,,,,,,,,,,,
2025-08-28,7.393,7.397,7.385,7.394,63906900.0,472.53,0.16,0.23,0.017,0.0,159934,黄金ETF,2025-09-06 17:14:18,,,,,,,,,,,,,,,,,,,,,,,,
2025-08-27,7.386,7.388,7.373,7.377,44260701.0,326.51,0.2,0.0,0.0,0.0,159934,黄金ETF,2025-09-06 17:14:18,,,,,,,,,,,,,,,,,,,,,,,,
2025-08-26,7.365,7.378,7.365,7.377,46999589.0,346.72,0.18,0.33,0.024,0.0,159934,黄金ETF,2025-09-06 17:14:18,,,,,,,,,,,,,,,,,,,,,,,,
2025-08-25,7.355,7.362,7.344,7.353,46249736.0,340.07,0.25,0.63,0.046,0.0,159934,黄金ETF,2025-09-06 17:14:18,,,,,,,,,,,,,,,,,,,,,,,,
2025-08-22,7.323,7.328,7.302,7.307,30625617.0,223.78,0.36,-0.19,-0.014,0.0,159934,黄金ETF,2025-09-06 17:14:18,,,,,,,,,,,,,,,,,,,,,,,,
2025-08-21,7.33,7.335,7.314,7.321,30584480.0,223.91,0.29,0.27,0.02,0.0,159934,黄金ETF,2025-09-06 17:14:18,,,,,,,,,,,,,,,,,,,,,,,,
2025-08-20,7.293,7.304,7.278,7.301,40218982.0,293.64,0.36,-0.27,-0.02,0.0,159934,黄金ETF,2025-09-06 17:14:18,,,,,,,,,,,,,,,,,,,,,,,,
2025-08-19,7.323,7.328,7.314,7.321,41981300.0,307.35,0.19,-0.27,-0.02,0.0,159934,黄金ETF,2025-09-06 17:14:18,,,,,,,,,,,,,,,,,,,,,,,,
2025-08-18,7.328,7.361,7.321,7.341,44011280.0,323.09,0.55,0.18,0.013,0.0,159934,黄金ETF,2025-09-06 17:14:18,,,,,,,,,,,,,,,,,,,,,,,,
2025-08-15,7.315,7.337,7.311,7.328,32956580.0,241.51,0.35,-0.31,-0.023,0.0,159934,黄金ETF,2025-09-06 17:14:18,,,,,,,,,,,,,,,,,,,,,,,,
2025-08-14,7.357,7.367,7.34,7.351,40698192.0,299.17,0.37,0.07,0.005,0.0,159934,黄金ETF,2025-09-06 17:14:18,,,,,,,,,,,,,,,,,,,,,,,,
2025-08-13,7.331,7.346,7.323,7.346,47581400.0,349.53,0.31,0.26,0.019,0.0,159934,黄金ETF,2025-09-06 17:14:18,,,,,,,,,,,,,,,,,,,,,,,,
2025-08-12,7.343,7.344,7.321,7.327,57815000.0,423.61,0.31,-0.43,-0.032,0.0,159934,黄金ETF,2025-09-06 17:14:18,,,,,,,,,,,,,,,,,,,,,,,,
2025-08-11,7.379,7.39,7.351,7.359,116834013.0,859.78,0.52,-0.98,-0.073,0.0,159934,黄金ETF,2025-09-06 17:14:18,,,,,,,,,,,,,,,,,,,,,,,,
2025-08-08,7.415,7.438,7.415,7.432,129464300.0,962.18,0.31,0.3,0.022,0.0,159934,黄金ETF,2025-09-06 17:14:18,,,,,,,,,,,,,,,,,,,,,,,,
2025-08-07,7.397,7.413,7.385,7.41,94013407.0,696.64,0.38,0.22,0.016,0.0,159934,黄金ETF,2025-09-06 17:14:18,,,,,,,,,,,,,,,,,,,,,,,,
2025-08-06,7.401,7.409,7.388,7.394,82149066.0,607.41,0.28,0.12,0.009,0.0,159934,黄金ETF,2025-09-06 17:14:18,,,,,,,,,,,,,,,,,,,,,,,,
2025-08-05,7.41,7.415,7.381,7.385,92550328.0,683.48,0.46,0.16,0.012,0.0,159934,黄金ETF,2025-09-06 17:14:18,,,,,,,,,,,,,,,,,,,,,,,,
2025-08-04,7.36,7.375,7.359,7.373,92319960.0,680.68,0.22,1.29,0.094,0.0,159934,黄金ETF,2025-09-06 17:14:18,,,,,,,,,,,,,,,,,,,,,,,,
2025-08-01,7.275,7.293,7.261,7.279,48976700.0,356.5,0.44,0.0,0.0,0.0,159934,黄金ETF,2025-09-06 17:14:18,,,,,,,,,,,,,,,,,,,,,,,,
2025-07-31,7.269,7.284,7.239,7.279,76435400.0,556.37,0.62,-0.36,-0.026,0.0,159934,黄金ETF,2025-09-06 17:14:18,,,,,,,,,,,,,,,,,,,,,,,,
2025-07-30,7.315,7.318,7.295,7.305,59390892.0,433.85,0.32,0.3,0.022,0.0,159934,黄金ETF,2025-09-06 17:14:18,,,,,,,,,,,,,,,,,,,,,,,,
2025-07-29,7.279,7.296,7.277,7.283,50434037.0,367.31,0.26,-0.48,-0.035,0.0,159934,黄金ETF,2025-09-06 17:14:18,,,,,,,,,,,,,,,,,,,,,,,,
2025-07-28,7.307,7.326,7.295,7.318,50915283.0,372.6,0.42,-0.25,-0.018,0.0,159934,黄金ETF,2025-09-06 17:14:18,,,,,,,,,,,,,,,,,,,,,,,,
2025-07-25,7.348,7.348,7.326,7.336,60423076.0,443.26,0.3,-0.2,-0.015,0.0,159934,黄金ETF,2025-09-06 17:14:18,,,,,,,,,,,,,,,,,,,,,,,,
2025-07-24,7.385,7.387,7.34,7.351,136577767.0,1003.98,0.63,-1.61,-0.12,0.0,159934,黄金ETF,2025-09-06 17:14:18,,,,,,,,,,,,,,,,,,,,,,,,
2025-07-23,7.466,7.475,7.451,7.471,125753995.0,939.51,0.32,0.97,0.072,0.0,159934,黄金ETF,2025-09-06 17:14:18,,,,,,,,,,,,,,,,,,,,,,,,
2025-07-22,7.409,7.416,7.397,7.399,92019111.0,680.85,0.26,0.34,0.025,0.0,159934,黄金ETF,2025-09-06 17:14:18,,,,,,,,,,,,,,,,,,,,,,,,
2025-07-21,7.358,7.381,7.348,7.374,69425439.0,511.94,0.45,0.6,0.044,0.0,159934,黄金ETF,2025-09-06 17:14:18,,,,,,,,,,,,,,,,,,,,,,,,
2025-07-18,7.326,7.335,7.318,7.33,39630600.0,290.49,0.23,0.08,0.006,0.0,159934,黄金ETF,2025-09-06 17:14:18,,,,,,,,,,,,,,,,,,,,,,,,
2025-07-17,7.329,7.339,7.314,7.324,60629943.0,444.05,0.34,-0.1,-0.007,0.0,159934,黄金ETF,2025-09-06 17:14:18,,,,,,,,,,,,,,,,,,,,,,,,
2025-07-16,7.327,7.335,7.307,7.331,70897600.0,519.75,0.38,-0.39,-0.029,0.0,159934,黄金ETF,2025-09-06 17:14:18,,,,,,,,,,,,,,,,,,,,,,,,
2025-07-15,7.34,7.374,7.329,7.36,55391300.0,407.68,0.61,-0.15,-0.011,0.0,159934,黄金ETF,2025-09-06 17:14:18,,,,,,,,,,,,,,,,,,,,,,,,
2025-07-14,7.359,7.373,7.341,7.371,52011200.0,383.37,0.44,0.9,0.066,0.0,159934,黄金ETF,2025-09-06 17:14:18,,,,,,,,,,,,,,,,,,,,,,,,
2025-07-11,7.303,7.32,7.3,7.305,63387600.0,463.05,0.27,0.12,0.009,0.0,159934,黄金ETF,2025-09-06 17:14:18,,,,,,,,,,,,,,,,,,,,,,,,
2025-07-10,7.298,7.309,7.286,7.296,61817600.0,451.02,0.32,0.69,0.05,0.0,159934,黄金ETF,2025-09-06 17:14:18,,,,,,,,,,,,,,,,,,,,,,,,
2025-07-09,7.285,7.288,7.231,7.246,83563728.0,605.5,0.78,-1.09,-0.08,0.0,159934,黄金ETF,2025-09-06 17:14:18,,,,,,,,,,,,,,,,,,,,,,,,
2025-07-08,7.323,7.335,7.317,7.326,96653700.0,708.09,0.25,0.56,0.041,0.0,159934,黄金ETF,2025-09-06 17:14:18,,,,,,,,,,,,,,,,,,,,,,,,
2025-07-07,7.278,7.295,7.272,7.285,64291400.0,468.36,0.31,-0.68,-0.05,0.0,159934,黄金ETF,2025-09-06 17:14:18,,,,,,,,,,,,,,,,,,,,,,,,
2025-07-04,7.325,7.341,7.305,7.335,69469300.0,509.56,0.49,-0.5,-0.037,0.0,159934,黄金ETF,2025-09-06 17:14:18,,,,,,,,,,,,,,,,,,,,,,,,
2025-07-03,7.33,7.38,7.33,7.372,60317600.0,444.66,0.68,0.71,0.052,0.0,159934,黄金ETF,2025-09-06 17:14:18,,,,,,,,,,,,,,,,,,,,,,,,
2025-07-02,7.326,7.346,7.312,7.32,90164600.0,660.0,0.46,-0.07,-0.005,0.0,159934,黄金ETF,2025-09-06 17:14:18,,,,,,,,,,,,,,,,,,,,,,,,
2025-07-01,7.288,7.33,7.277,7.325,106579818.0,780.7,0.73,1.1,0.08,0.0,159934,黄金ETF,2025-09-06 17:14:18,,,,,,,,,,,,,,,,,,,,,,,,
2025-06-30,7.236,7.251,7.204,7.245,109466235.0,793.08,0.65,-0.11,-0.008,0.0,159934,黄金ETF,2025-09-06 17:14:18,,,,,,,,,,,,,,,,,,,,,,,,
2025-06-27,7.292,7.302,7.239,7.253,111173308.0,806.34,0.86,-1.09,-0.08,0.0,159934,黄金ETF,2025-09-06 17:14:18,,,,,,,,,,,,,,,,,,,,,,,,
2025-06-26,7.319,7.333,7.313,7.333,58544100.0,429.3,0.27,0.2,0.015,0.0,159934,黄金ETF,2025-09-06 17:14:18,,,,,,,,,,,,,,,,,,,,,,,,
2025-06-25,7.307,7.326,7.306,7.318,57570341.0,421.3,0.27,0.21,0.015,0.0,159934,黄金ETF,2025-09-06 17:14:18,,,,,,,,,,,,,,,,,,,,,,,,
2025-06-24,7.35,7.37,7.283,7.303,145623022.0,1063.48,1.18,-1.18,-0.087,0.0,159934,黄金ETF,2025-09-06 17:14:18,,,,,,,,,,,,,,,,,,,,,,,,
2025-06-23,7.379,7.41,7.368,7.39,90414557.0,668.16,0.57,0.34,0.025,0.0,159934,黄金ETF,2025-09-06 17:14:18,,,,,,,,,,,,,,,,,,,,,,,,
2025-06-20,7.389,7.392,7.35,7.365,100072200.0,737.03,0.57,-0.37,-0.027,0.0,159934,黄金ETF,2025-09-06 17:14:18,,,,,,,,,,,,,,,,,,,,,,,,
2025-06-19,7.429,7.433,7.373,7.392,80535722.0,595.32,0.81,-0.55,-0.041,0.0,159934,黄金ETF,2025-09-06 17:14:18,,,,,,,,,,,,,,,,,,,,,,,,
2025-06-18,7.426,7.466,7.403,7.433,88802307.0,660.07,0.85,0.12,0.009,0.0,159934,黄金ETF,2025-09-06 17:14:18,,,,,,,,,,,,,,,,,,,,,,,,
2025-06-17,7.452,7.452,7.396,7.424,114674823.0,851.35,0.75,-0.84,-0.063,0.0,159934,黄金ETF,2025-09-06 17:14:18,,,,,,,,,,,,,,,,,,,,,,,,
2025-06-16,7.554,7.559,7.476,7.487,178074934.0,1333.25,1.11,-0.31,-0.023,0.0,159934,黄金ETF,2025-09-06 17:14:18,,,,,,,,,,,,,,,,,,,,,,,,
2025-06-13,7.54,7.579,7.493,7.51,233189350.0,1751.25,1.16,1.19,0.088,0.0,159934,黄金ETF,2025-09-06 17:14:18,,,,,,,,,,,,,,,,,,,,,,,,
2025-06-12,7.432,7.438,7.402,7.422,83888546.0,622.62,0.49,0.91,0.067,0.0,159934,黄金ETF,2025-09-06 17:14:18,,,,,,,,,,,,,,,,,,,,,,,,
2025-06-11,7.35,7.368,7.33,7.355,76760797.0,564.58,0.52,0.26,0.019,0.0,159934,黄金ETF,2025-09-06 17:14:18,,,,,,,,,,,,,,,,,,,,,,,,
2025-06-10,7.296,7.344,7.28,7.336,94851181.0,695.83,0.87,0.12,0.009,0.0,159934,黄金ETF,2025-09-06 17:14:18,,,,,,,,,,,,,,,,,,,,,,,,
2025-06-09,7.295,7.327,7.258,7.327,93365761.0,684.09,0.93,-1.07,-0.079,0.0,159934,黄金ETF,2025-09-06 17:14:18,,,,,,,,,,,,,,,,,,,,,,,,
2025-06-06,7.406,7.42,7.397,7.406,93533900.0,692.71,0.31,-0.07,-0.005,0.0,159934,黄金ETF,2025-09-06 17:14:18,,,,,,,,,,,,,,,,,,,,,,,,
2025-06-05,7.426,7.429,7.397,7.411,76381400.0,566.06,0.43,0.15,0.011,0.0,159934,黄金ETF,2025-09-06 17:14:18,,,,,,,,,,,,,,,,,,,,,,,,
2025-06-04,7.418,7.429,7.386,7.4,107489847.0,795.42,0.58,-0.04,-0.003,0.0,159934,黄金ETF,2025-09-06 17:14:18,,,,,,,,,,,,,,,,,,,,,,,,
2025-06-03,7.43,7.447,7.388,7.403,111277415.0,823.79,0.81,1.48,0.108,0.0,159934,黄金ETF,2025-09-06 17:14:18,,,,,,,,,,,,,,,,,,,,,,,,
2025-05-30,7.312,7.325,7.263,7.295,76996848.0,561.69,0.86,0.94,0.068,0.0,159934,黄金ETF,2025-09-06 17:14:18,,,,,,,,,,,,,,,,,,,,,,,,
2025-05-29,7.199,7.239,7.188,7.227,107875800.0,779.62,0.7,-1.01,-0.074,0.0,159934,黄金ETF,2025-09-06 17:14:18,,,,,,,,,,,,,,,,,,,,,,,,
2025-05-28,7.296,7.316,7.27,7.301,97661600.0,713.03,0.63,0.15,0.011,0.0,159934,黄金ETF,2025-09-06 17:14:18,,,,,,,,,,,,,,,,,,,,,,,,
2025-05-27,7.36,7.386,7.283,7.29,152206915.0,1109.59,1.4,-0.9,-0.066,0.0,159934,黄金ETF,2025-09-06 17:14:18,,,,,,,,,,,,,,,,,,,,,,,,
2025-05-26,7.36,7.399,7.35,7.356,99013498.0,728.34,0.66,-0.3,-0.022,0.0,159934,黄金ETF,2025-09-06 17:14:18,,,,,,,,,,,,,,,,,,,,,,,,
2025-05-23,7.333,7.384,7.3,7.378,176982926.0,1305.78,1.14,0.04,0.003,0.0,159934,黄金ETF,2025-09-06 17:14:18,,,,,,,,,,,,,,,,,,,,,,,,
2025-05-22,7.406,7.43,7.373,7.375,162075572.0,1195.31,0.77,0.14,0.01,0.0,159934,黄金ETF,2025-09-06 17:14:18,,,,,,,,,,,,,,,,,,,,,,,,
2025-05-21,7.309,7.369,7.302,7.365,147546400.0,1086.68,0.94,3.17,0.226,0.0,159934,黄金ETF,2025-09-06 17:14:18,,,,,,,,,,,,,,,,,,,,,,,,
2025-05-20,7.143,7.167,7.125,7.139,112946946.0,806.33,0.59,-0.17,-0.012,0.0,159934,黄金ETF,2025-09-06 17:14:18,,,,,,,,,,,,,,,,,,,,,,,,
2025-05-19,7.14,7.161,7.122,7.151,151602146.0,1084.11,0.55,0.63,0.045,0.0,159934,黄金ETF,2025-09-06 17:14:18,,,,,,,,,,,,,,,,,,,,,,,,
2025-05-16,7.113,7.133,7.085,7.106,254092592.0,1805.58,0.69,1.57,0.11,0.0,159934,黄金ETF,2025-09-06 17:14:18,,,,,,,,,,,,,,,,,,,,,,,,
2025-05-15,7.092,7.095,6.932,6.996,363573089.0,2543.56,2.26,-2.91,-0.21,0.0,159934,黄金ETF,2025-09-06 17:14:18,,,,,,,,,,,,,,,,,,,,,,,,
2025-05-14,7.231,7.249,7.191,7.206,157804321.0,1137.14,0.8,-0.72,-0.052,0.0,159934,黄金ETF,2025-09-06 17:14:18,,,,,,,,,,,,,,,,,,,,,,,,
2025-05-13,7.208,7.289,7.151,7.258,198645900.0,1441.77,1.89,-0.59,-0.043,0.0,159934,黄金ETF,2025-09-06 17:14:18,,,,,,,,,,,,,,,,,,,,,,,,
2025-05-12,7.281,7.327,7.276,7.301,159450395.0,1164.15,0.68,-2.08,-0.155,0.0,159934,黄金ETF,2025-09-06 17:14:18,,,,,,,,,,,,,,,,,,,,,,,,
2025-05-09,7.429,7.478,7.352,7.456,190127442.0,1417.59,1.68,-0.35,-0.026,0.0,159934,黄金ETF,2025-09-06 17:14:18,,,,,,,,,,,,,,,,,,,,,,,,
2025-05-08,7.609,7.657,7.464,7.482,278175020.0,2081.31,2.54,-1.5,-0.114,0.0,159934,黄金ETF,2025-09-06 17:14:18,,,,,,,,,,,,,,,,,,,,,,,,
2025-05-07,7.542,7.6,7.516,7.596,189033100.0,1435.9,1.11,0.81,0.061,0.0,159934,黄金ETF,2025-09-06 17:14:18,,,,,,,,,,,,,,,,,,,,,,,,
2025-05-06,7.529,7.58,7.495,7.535,295507500.0,2226.65,1.15,1.85,0.137,0.0,159934,黄金ETF,2025-09-06 17:14:18,,,,,,,,,,,,,,,,,,,,,,,,
2025-04-30,7.447,7.457,7.393,7.398,153088500.0,1132.55,0.86,-0.6,-0.045,0.0,159934,黄金ETF,2025-09-06 17:14:18,,,,,,,,,,,,,,,,,,,,,,,,
2025-04-29,7.482,7.515,7.411,7.443,205034211.0,1526.07,1.41,0.65,0.048,0.0,159934,黄金ETF,2025-09-06 17:14:18,,,,,,,,,,,,,,,,,,,,,,,,
2025-04-28,7.433,7.438,7.371,7.395,238967796.0,1767.17,0.9,-0.82,-0.061,0.0,159934,黄金ETF,2025-09-06 17:14:18,,,,,,,,,,,,,,,,,,,,,,,,
2025-04-25,7.585,7.585,7.411,7.456,253700268.0,1891.59,2.32,-0.64,-0.048,0.0,159934,黄金ETF,2025-09-06 17:14:18,,,,,,,,,,,,,,,,,,,,,,,,
2025-04-24,7.57,7.637,7.477,7.504,353766882.0,2654.67,2.15,1.06,0.079,0.0,159934,黄金ETF,2025-09-06 17:14:18,,,,,,,,,,,,,,,,,,,,,,,,
2025-04-23,7.68,7.685,7.423,7.425,637819389.0,4735.81,3.31,-6.25,-0.495,0.0,159934,黄金ETF,2025-09-06 17:14:18,,,,,,,,,,,,,,,,,,,,,,,,
2025-04-22,7.794,7.961,7.793,7.92,508491539.0,4027.25,2.2,3.56,0.272,0.0,159934,黄金ETF,2025-09-06 17:14:18,,,,,,,,,,,,,,,,,,,,,,,,
2025-04-21,7.607,7.65,7.601,7.648,192920000.0,1475.45,0.65,1.86,0.14,0.0,159934,黄金ETF,2025-09-06 17:14:18,,,,,,,,,,,,,,,,,,,,,,,,
2025-04-18,7.49,7.518,7.463,7.508,169447732.0,1272.21,0.73,0.23,0.017,0.0,159934,黄金ETF,2025-09-06 17:14:18,,,,,,,,,,,,,,,,,,,,,,,,
2025-04-17,7.6,7.6,7.469,7.491,259676100.0,1945.23,1.76,0.81,0.06,0.0,159934,黄金ETF,2025-09-06 17:14:18,,,,,,,,,,,,,,,,,,,,,,,,
2025-04-16,7.369,7.431,7.351,7.431,240002900.0,1783.46,1.1,2.44,0.177,0.0,159934,黄金ETF,2025-09-06 17:14:18,,,,,,,,,,,,,,,,,,,,,,,,
2025-04-15,7.257,7.264,7.246,7.254,110458800.0,801.27,0.25,-0.04,-0.003,0.0,159934,黄金ETF,2025-09-06 17:14:18,,,,,,,,,,,,,,,,,,,,,,,,
2025-04-14,7.217,7.282,7.217,7.257,188680802.0,1369.26,0.9,0.86,0.062,0.0,159934,黄金ETF,2025-09-06 17:14:18,,,,,,,,,,,,,,,,,,,,,,,,
2025-04-11,7.289,7.291,7.151,7.195,264674000.0,1904.33,1.98,1.51,0.107,0.0,159934,黄金ETF,2025-09-06 17:14:18,,,,,,,,,,,,,,,,,,,,,,,,
2025-04-10,7.006,7.105,7.001,7.088,270250666.0,1915.54,1.5,2.44,0.169,0.0,159934,黄金ETF,2025-09-06 17:14:18,,,,,,,,,,,,,,,,,,,,,,,,
2025-04-09,6.815,6.919,6.815,6.919,169456900.0,1172.47,1.52,1.11,0.076,0.0,159934,黄金ETF,2025-09-06 17:14:18,,,,,,,,,,,,,,,,,,,,,,,,
2025-04-08,6.805,6.881,6.784,6.843,164535100.0,1125.91,1.43,0.54,0.037,0.0,159934,黄金ETF,2025-09-06 17:14:18,,,,,,,,,,,,,,,,,,,,,,,,
2025-04-07,6.797,6.941,6.741,6.806,295608666.0,2011.91,2.85,-3.09,-0.217,0.0,159934,黄金ETF,2025-09-06 17:14:18,,,,,,,,,,,,,,,,,,,,,,,,
2025-04-03,7.066,7.114,6.997,7.023,187963923.0,1320.07,1.68,0.86,0.06,0.0,159934,黄金ETF,2025-09-06 17:14:18,,,,,,,,,,,,,,,,,,,,,,,,
2025-04-02,6.999,7.017,6.949,6.963,108208300.0,753.45,0.97,-0.41,-0.029,0.0,159934,黄金ETF,2025-09-06 17:14:18,,,,,,,,,,,,,,,,,,,,,,,,
2025-04-01,6.987,7.031,6.975,6.992,185211879.0,1295.0,0.81,0.79,0.055,0.0,159934,黄金ETF,2025-09-06 17:14:18,,,,,,,,,,,,,,,,,,,,,,,,
2025-03-31,6.899,6.969,6.884,6.937,165127649.0,1145.49,1.24,0.96,0.066,0.0,159934,黄金ETF,2025-09-06 17:14:18,,,,,,,,,,,,,,,,,,,,,,,,
2025-03-28,6.835,6.871,6.827,6.871,90826281.0,624.07,0.65,1.88,0.127,0.0,159934,黄金ETF,2025-09-06 17:14:18,,,,,,,,,,,,,,,,,,,,,,,,
2025-03-27,6.735,6.752,6.726,6.744,45788300.0,308.8,0.39,0.24,0.016,0.0,159934,黄金ETF,2025-09-06 17:14:18,,,,,,,,,,,,,,,,,,,,,,,,
2025-03-26,6.714,6.73,6.708,6.728,47082110.0,316.77,0.33,0.33,0.022,0.0,159934,黄金ETF,2025-09-06 17:14:18,,,,,,,,,,,,,,,,,,,,,,,,
2025-03-25,6.698,6.71,6.685,6.706,43801600.0,293.73,0.37,-0.09,-0.006,0.0,159934,黄金ETF,2025-09-06 17:14:18,,,,,,,,,,,,,,,,,,,,,,,,
2025-03-24,6.702,6.715,6.694,6.712,36268700.0,243.44,0.31,0.07,0.005,0.0,159934,黄金ETF,2025-09-06 17:14:18,,,,,,,,,,,,,,,,,,,,,,,,
2025-03-21,6.745,6.745,6.695,6.707,54888665.0,368.14,0.74,-0.56,-0.038,0.0,159934,黄金ETF,2025-09-06 17:14:18,,,,,,,,,,,,,,,,,,,,,,,,
2025-03-20,6.754,6.754,6.734,6.745,60011739.0,404.78,0.3,0.22,0.015,0.0,159934,黄金ETF,2025-09-06 17:14:18,,,,,,,,,,,,,,,,,,,,,,,,
2025-03-19,6.689,6.74,6.688,6.73,66591455.0,448.16,0.78,1.02,0.068,0.0,159934,黄金ETF,2025-09-06 17:14:18,,,,,,,,,,,,,,,,,,,,,,,,
2025-03-18,6.625,6.666,6.625,6.662,51561900.0,343.51,0.62,0.8,0.053,0.0,159934,黄金ETF,2025-09-06 17:14:18,,,,,,,,,,,,,,,,,,,,,,,,
2025-03-17,6.607,6.611,6.591,6.609,137914053.0,911.47,0.3,0.03,0.002,0.0,159934,黄金ETF,2025-09-06 17:14:18,,,,,,,,,,,,,,,,,,,,,,,,
2025-03-14,6.624,6.624,6.596,6.607,55727879.0,368.19,0.43,1.52,0.099,0.0,159934,黄金ETF,2025-09-06 17:14:18,,,,,,,,,,,,,,,,,,,,,,,,
2025-03-13,6.51,6.518,6.503,6.508,40510200.0,263.64,0.23,0.73,0.047,0.0,159934,黄金ETF,2025-09-06 17:14:18,,,,,,,,,,,,,,,,,,,,,,,,
2025-03-12,6.449,6.469,6.448,6.461,44375200.0,286.71,0.33,0.28,0.018,0.0,159934,黄金ETF,2025-09-06 17:14:18,,,,,,,,,,,,,,,,,,,,,,,,
2025-03-11,6.429,6.444,6.422,6.443,60887600.0,392.3,0.34,-0.52,-0.034,0.0,159934,黄金ETF,2025-09-06 17:14:18,,,,,,,,,,,,,,,,,,,,,,,,
2025-03-10,6.467,6.477,6.463,6.477,30221400.0,195.74,0.22,0.25,0.016,0.0,159934,黄金ETF,2025-09-06 17:14:18,,,,,,,,,,,,,,,,,,,,,,,,
2025-03-07,6.452,6.465,6.439,6.461,34013124.0,219.76,0.4,-0.15,-0.01,0.0,159934,黄金ETF,2025-09-06 17:14:18,,,,,,,,,,,,,,,,,,,,,,,,
2025-03-06,6.47,6.481,6.462,6.471,40196400.0,260.11,0.29,-0.19,-0.012,0.0,159934,黄金ETF,2025-09-06 17:14:18,,,,,,,,,,,,,,,,,,,,,,,,
2025-03-05,6.456,6.487,6.456,6.483,49913100.0,323.59,0.48,0.76,0.049,0.0,159934,黄金ETF,2025-09-06 17:14:18,,,,,,,,,,,,,,,,,,,,,,,,
2025-03-04,6.432,6.444,6.421,6.434,50025900.0,321.87,0.36,0.72,0.046,0.0,159934,黄金ETF,2025-09-06 17:14:18,,,,,,,,,,,,,,,,,,,,,,,,
2025-03-03,6.386,6.395,6.371,6.388,49391000.0,315.51,0.38,0.16,0.01,0.0,159934,黄金ETF,2025-09-06 17:14:18,,,,,,,,,,,,,,,,,,,,,,,,
2025-02-28,6.42,6.425,6.372,6.378,64828859.0,413.48,0.82,-0.85,-0.055,0.0,159934,黄金ETF,2025-09-06 17:14:18,,,,,,,,,,,,,,,,,,,,,,,,
2025-02-27,6.47,6.478,6.42,6.433,86546705.0,556.75,0.9,-0.31,-0.02,0.0,159934,黄金ETF,2025-09-06 17:14:18,,,,,,,,,,,,,,,,,,,,,,,,
2025-02-26,6.5,6.505,6.45,6.453,68285500.0,440.65,0.84,-0.95,-0.062,0.0,159934,黄金ETF,2025-09-06 17:14:18,,,,,,,,,,,,,,,,,,,,,,,,
2025-02-25,6.54,6.547,6.511,6.515,71260600.0,464.26,0.55,0.0,0.0,0.0,159934,黄金ETF,2025-09-06 17:14:18,,,,,,,,,,,,,,,,,,,,,,,,
2025-02-24,6.48,6.52,6.48,6.515,83121200.0,541.53,0.62,0.22,0.014,0.0,159934,黄金ETF,2025-09-06 17:14:18,,,,,,,,,,,,,,,,,,,,,,,,
2025-02-21,6.539,6.542,6.48,6.501,118393000.0,769.67,0.95,-0.76,-0.05,0.0,159934,黄金ETF,2025-09-06 17:14:18,,,,,,,,,,,,,,,,,,,,,,,,
2025-02-20,6.55,6.552,6.53,6.551,67921700.0,444.96,0.34,0.26,0.017,0.0,159934,黄金ETF,2025-09-06 17:14:18,,,,,,,,,,,,,,,,,,,,,,,,
2025-02-19,6.525,6.558,6.511,6.534,82834100.0,541.24,0.72,0.69,0.045,0.0,159934,黄金ETF,2025-09-06 17:14:18,,,,,,,,,,,,,,,,,,,,,,,,
2025-02-18,6.44,6.496,6.433,6.489,62410300.0,404.98,0.98,0.93,0.06,0.0,159934,黄金ETF,2025-09-06 17:14:18,,,,,,,,,,,,,,,,,,,,,,,,
2025-02-17,6.401,6.444,6.401,6.429,102415866.0,658.43,0.66,-1.71,-0.112,0.0,159934,黄金ETF,2025-09-06 17:14:18,,,,,,,,,,,,,,,,,,,,,,,,
2025-02-14,6.532,6.544,6.523,6.541,70499900.0,461.14,0.32,0.55,0.036,0.0,159934,黄金ETF,2025-09-06 17:14:18,,,,,,,,,,,,,,,,,,,,,,,,
2025-02-13,6.499,6.522,6.496,6.505,105487500.0,686.2,0.4,0.48,0.031,0.0,159934,黄金ETF,2025-09-06 17:14:18,,,,,,,,,,,,,,,,,,,,,,,,
2025-02-12,6.48,6.483,6.445,6.474,102723000.0,665.03,0.58,-0.68,-0.044,0.0,159934,黄金ETF,2025-09-06 17:14:18,,,,,,,,,,,,,,,,,,,,,,,,
2025-02-11,6.548,6.583,6.466,6.518,186026900.0,1212.52,1.81,1.02,0.066,0.0,159934,黄金ETF,2025-09-06 17:14:18,,,,,,,,,,,,,,,,,,,,,,,,
2025-02-10,6.395,6.455,6.395,6.452,80541732.0,519.66,0.94,1.56,0.099,0.0,159934,黄金ETF,2025-09-06 17:14:18,,,,,,,,,,,,,,,,,,,,,,,,
2025-02-07,6.363,6.372,6.35,6.353,42563200.0,270.4,0.35,0.13,0.008,0.0,159934,黄金ETF,2025-09-06 17:14:18,,,,,,,,,,,,,,,,,,,,,,,,
2025-02-06,6.391,6.391,6.344,6.345,61842414.0,392.39,0.74,-0.42,-0.027,0.0,159934,黄金ETF,2025-09-06 17:14:18,,,,,,,,,,,,,,,,,,,,,,,,
2025-02-05,6.333,6.373,6.323,6.372,99756100.0,635.65,0.81,3.78,0.232,0.0,159934,黄金ETF,2025-09-06 17:14:18,,,,,,,,,,,,,,,,,,,,,,,,
2025-01-27,6.157,6.157,6.12,6.14,64254800.0,394.52,0.6,-0.24,-0.015,0.0,159934,黄金ETF,2025-09-06 17:14:18,,,,,,,,,,,,,,,,,,,,,,,,
2025-01-24,6.149,6.163,6.136,6.155,48534235.0,298.73,0.44,0.51,0.031,0.0,159934,黄金ETF,2025-09-06 17:14:18,,,,,,,,,,,,,,,,,,,,,,,,
2025-01-23,6.126,6.133,6.12,6.124,43868400.0,268.65,0.21,0.03,0.002,0.0,159934,黄金ETF,2025-09-06 17:14:18,,,,,,,,,,,,,,,,,,,,,,,,
2025-01-22,6.109,6.154,6.109,6.122,110829990.0,678.5,0.74,0.89,0.054,0.0,159934,黄金ETF,2025-09-06 17:14:18,,,,,,,,,,,,,,,,,,,,,,,,
2025-01-21,6.037,6.071,6.037,6.068,52667600.0,319.59,0.56,-0.03,-0.002,0.0,159934,黄金ETF,2025-09-06 17:14:18,,,,,,,,,,,,,,,,,,,,,,,,
2025-01-20,6.025,6.07,6.025,6.07,81008434.0,491.72,0.74,-0.1,-0.006,0.0,159934,黄金ETF,2025-09-06 17:14:18,,,,,,,,,,,,,,,,,,,,,,,,
2025-01-17,6.082,6.1,6.073,6.076,54054558.0,328.44,0.45,0.28,0.017,0.0,159934,黄金ETF,2025-09-06 17:14:18,,,,,,,,,,,,,,,,,,,,,,,,
2025-01-16,6.07,6.079,6.05,6.059,54745589.0,331.7,0.48,0.25,0.015,0.0,159934,黄金ETF,2025-09-06 17:14:18,,,,,,,,,,,,,,,,,,,,,,,,
2025-01-15,6.012,6.047,6.01,6.044,89753400.0,542.47,0.62,0.6,0.036,0.0,159934,黄金ETF,2025-09-06 17:14:18,,,,,,,,,,,,,,,,,,,,,,,,
2025-01-14,6.012,6.015,6.0,6.008,95479061.0,573.64,0.25,-0.79,-0.048,0.0,159934,黄金ETF,2025-09-06 17:14:18,,,,,,,,,,,,,,,,,,,,,,,,
2025-01-13,6.049,6.069,6.042,6.056,159644000.0,966.8,0.45,0.17,0.01,0.0,159934,黄金ETF,2025-09-06 17:14:18,,,,,,,,,,,,,,,,,,,,,,,,
2025-01-10,6.018,6.047,6.013,6.046,77679117.0,469.65,0.57,0.77,0.046,0.0,159934,黄金ETF,2025-09-06 17:14:18,,,,,,,,,,,,,,,,,,,,,,,,
2025-01-09,5.975,6.0,5.972,6.0,45711345.0,274.27,0.47,0.54,0.032,0.0,159934,黄金ETF,2025-09-06 17:14:18,,,,,,,,,,,,,,,,,,,,,,,,
2025-01-08,5.95,5.971,5.95,5.968,44011600.0,262.66,0.35,0.45,0.027,0.0,159934,黄金ETF,2025-09-06 17:14:18,,,,,,,,,,,,,,,,,,,,,,,,
2025-01-07,5.929,5.949,5.927,5.941,71426656.0,424.35,0.37,0.2,0.012,0.0,159934,黄金ETF,2025-09-06 17:14:18,,,,,,,,,,,,,,,,,,,,,,,,
2025-01-06,5.96,5.963,5.924,5.929,149745153.0,887.84,0.65,-0.62,-0.037,0.0,159934,黄金ETF,2025-09-06 17:14:18,,,,,,,,,,,,,,,,,,,,,,,,
2025-01-03,5.958,5.972,5.953,5.966,105220681.0,627.75,0.32,0.83,0.049,0.0,159934,黄金ETF,2025-09-06 17:14:18,,,,,,,,,,,,,,,,,,,,,,,,
2025-01-02,5.912,5.921,5.901,5.917,45958969.0,271.94,0.34,0.82,0.048,0.0,159934,黄金ETF,2025-09-06 17:14:18,,,,,,,,,,,,,,,,,,,,,,,,
2024-12-31,5.855,5.872,5.841,5.869,30009100.0,176.12,0.53,0.09,0.005,0.0,159934,黄金ETF,2025-09-06 17:14:18,,,,,,,,,,,,,,,,,,,,,,,,
2024-12-30,5.87,5.879,5.862,5.864,27130100.0,159.09,0.29,-0.36,-0.021,0.0,159934,黄金ETF,2025-09-06 17:14:18,,,,,,,,,,,,,,,,,,,,,,,,
2024-12-27,5.89,5.892,5.881,5.885,39077441.0,229.97,0.19,0.07,0.004,0.0,159934,黄金ETF,2025-09-06 17:14:18,,,,,,,,,,,,,,,,,,,,,,,,
2024-12-26,5.891,5.896,5.878,5.881,37917114.0,222.99,0.31,0.14,0.008,0.0,159934,黄金ETF,2025-09-06 17:14:18,,,,,,,,,,,,,,,,,,,,,,,,
2024-12-25,5.867,5.879,5.867,5.873,26846500.0,157.67,0.2,0.19,0.011,0.0,159934,黄金ETF,2025-09-06 17:14:18,,,,,,,,,,,,,,,,,,,,,,,,
2024-12-24,5.867,5.871,5.858,5.862,39441700.0,231.21,0.22,-0.49,-0.029,0.0,159934,黄金ETF,2025-09-06 17:14:18,,,,,,,,,,,,,,,,,,,,,,,,
2024-12-23,5.858,5.891,5.856,5.891,54764300.0,322.62,0.6,1.03,0.06,0.0,159934,黄金ETF,2025-09-06 17:14:18,,,,,,,,,,,,,,,,,,,,,,,,
2024-12-20,5.814,5.832,5.807,5.831,49896300.0,290.95,0.43,0.12,0.007,0.0,159934,黄金ETF,2025-09-06 17:14:18,,,,,,,,,,,,,,,,,,,,,,,,
2024-12-19,5.809,5.846,5.809,5.824,78373900.0,456.45,0.63,-0.83,-0.049,0.0,159934,黄金ETF,2025-09-06 17:14:18,,,,,,,,,,,,,,,,,,,,,,,,
2024-12-18,5.882,5.887,5.869,5.873,58494300.0,343.54,0.31,-0.1,-0.006,0.0,159934,黄金ETF,2025-09-06 17:14:18,,,,,,,,,,,,,,,,,,,,,,,,
2024-12-17,5.893,5.908,5.875,5.879,42218107.0,248.2,0.56,-0.08,-0.005,0.0,159934,黄金ETF,2025-09-06 17:14:18,,,,,,,,,,,,,,,,,,,,,,,,
2024-12-16,5.877,5.887,5.873,5.884,64652814.0,380.42,0.24,-0.91,-0.054,0.0,159934,黄金ETF,2025-09-06 17:14:18,,,,,,,,,,,,,,,,,,,,,,,,
2024-12-13,5.957,5.957,5.929,5.938,93548007.0,555.49,0.47,-0.84,-0.05,0.0,159934,黄金ETF,2025-09-06 17:14:18,,,,,,,,,,,,,,,,,,,,,,,,
2024-12-12,5.979,5.988,5.965,5.988,89948700.0,538.61,0.39,0.62,0.037,0.0,159934,黄金ETF,2025-09-06 17:14:18,,,,,,,,,,,,,,,,,,,,,,,,
2024-12-11,5.968,5.97,5.918,5.951,80876400.0,481.3,0.88,0.86,0.051,0.0,159934,黄金ETF,2025-09-06 17:14:18,,,,,,,,,,,,,,,,,,,,,,,,
2024-12-10,5.903,5.911,5.89,5.9,80667534.0,475.94,0.36,0.41,0.024,0.0,159934,黄金ETF,2025-09-06 17:14:18,,,,,,,,,,,,,,,,,,,,,,,,
2024-12-09,5.881,5.887,5.864,5.876,76422500.0,449.06,0.39,0.55,0.032,0.0,159934,黄金ETF,2025-09-06 17:14:18,,,,,,,,,,,,,,,,,,,,,,,,
2024-12-06,5.807,5.854,5.806,5.844,102842963.0,601.01,0.82,-0.39,-0.023,0.0,159934,黄金ETF,2025-09-06 17:14:18,,,,,,,,,,,,,,,,,,,,,,,,
2024-12-05,5.871,5.883,5.862,5.867,55273700.0,324.29,0.36,-0.03,-0.002,0.0,159934,黄金ETF,2025-09-06 17:14:18,,,,,,,,,,,,,,,,,,,,,,,,
2024-12-04,5.858,5.88,5.853,5.869,60907100.0,357.46,0.46,-0.05,-0.003,0.0,159934,黄金ETF,2025-09-06 17:14:18,,,,,,,,,,,,,,,,,,,,,,,,
2024-12-03,5.857,5.882,5.85,5.872,87843400.0,515.82,0.55,1.0,0.058,0.0,159934,黄金ETF,2025-09-06 17:14:18,,,,,,,,,,,,,,,,,,,,,,,,
2024-12-02,5.8,5.825,5.792,5.814,87955537.0,511.37,0.56,-0.85,-0.05,0.0,159934,黄金ETF,2025-09-06 17:14:18,,,,,,,,,,,,,,,,,,,,,,,,
2024-11-29,5.813,5.869,5.813,5.864,89401119.0,524.25,0.96,0.93,0.054,0.0,159934,黄金ETF,2025-09-06 17:14:18,,,,,,,,,,,,,,,,,,,,,,,,
2024-11-28,5.778,5.818,5.763,5.81,91583700.0,532.1,0.94,-0.51,-0.03,0.0,159934,黄金ETF,2025-09-06 17:14:18,,,,,,,,,,,,,,,,,,,,,,,,
2024-11-27,5.797,5.845,5.795,5.84,100140900.0,584.82,0.86,0.95,0.055,0.0,159934,黄金ETF,2025-09-06 17:14:18,,,,,,,,,,,,,,,,,,,,,,,,
2024-11-26,5.783,5.797,5.767,5.785,76310800.0,441.46,0.51,-1.16,-0.068,0.0,159934,黄金ETF,2025-09-06 17:14:18,,,,,,,,,,,,,,,,,,,,,,,,
2024-11-25,5.953,5.955,5.834,5.853,175372662.0,1026.46,2.03,-1.66,-0.099,0.0,159934,黄金ETF,2025-09-06 17:14:18,,,,,,,,,,,,,,,,,,,,,,,,
2024-11-22,5.909,5.952,5.909,5.952,106667632.0,634.89,0.73,1.29,0.076,0.0,159934,黄金ETF,2025-09-06 17:14:18,,,,,,,,,,,,,,,,,,,,,,,,
2024-11-21,5.855,5.876,5.852,5.876,88032900.0,517.28,0.41,1.17,0.068,0.0,159934,黄金ETF,2025-09-06 17:14:18,,,,,,,,,,,,,,,,,,,,,,,,
2024-11-20,5.825,5.835,5.802,5.808,119926241.0,696.53,0.57,0.14,0.008,0.0,159934,黄金ETF,2025-09-06 17:14:18,,,,,,,,,,,,,,,,,,,,,,,,
2024-11-19,5.756,5.8,5.748,5.8,151407815.0,878.17,0.91,1.81,0.103,0.0,159934,黄金ETF,2025-09-06 17:14:18,,,,,,,,,,,,,,,,,,,,,,,,
2024-11-18,5.687,5.715,5.68,5.697,141580300.0,806.58,0.62,1.24,0.07,0.0,159934,黄金ETF,2025-09-06 17:14:18,,,,,,,,,,,,,,,,,,,,,,,,
2024-11-15,5.648,5.655,5.612,5.627,171395993.0,964.45,0.76,0.11,0.006,0.0,159934,黄金ETF,2025-09-06 17:14:18,,,,,,,,,,,,,,,,,,,,,,,,
2024-11-14,5.667,5.67,5.609,5.621,153818902.0,864.62,1.06,-2.02,-0.116,0.0,159934,黄金ETF,2025-09-06 17:14:18,,,,,,,,,,,,,,,,,,,,,,,,
2024-11-13,5.745,5.755,5.734,5.737,124343201.0,713.36,0.37,-0.21,-0.012,0.0,159934,黄金ETF,2025-09-06 17:14:18,,,,,,,,,,,,,,,,,,,,,,,,
2024-11-12,5.762,5.784,5.74,5.749,88797560.0,510.5,0.75,-1.61,-0.094,0.0,159934,黄金ETF,2025-09-06 17:14:18,,,,,,,,,,,,,,,,,,,,,,,,
2024-11-11,5.835,5.849,5.828,5.843,118986702.0,695.24,0.36,0.1,0.006,0.0,159934,黄金ETF,2025-09-06 17:14:18,,,,,,,,,,,,,,,,,,,,,,,,
2024-11-08,5.85,5.867,5.816,5.837,254892778.0,1487.81,0.88,0.76,0.044,0.0,159934,黄金ETF,2025-09-06 17:14:18,,,,,,,,,,,,,,,,,,,,,,,,
2024-11-07,5.805,5.823,5.788,5.793,160918674.0,932.2,0.59,-2.36,-0.14,0.0,159934,黄金ETF,2025-09-06 17:14:18,,,,,,,,,,,,,,,,,,,,,,,,
2024-11-06,5.955,6.0,5.912,5.933,124018700.0,735.8,1.48,-0.19,-0.011,0.0,159934,黄金ETF,2025-09-06 17:14:18,,,,,,,,,,,,,,,,,,,,,,,,
2024-11-05,5.94,5.945,5.908,5.944,90407875.0,537.38,0.62,0.07,0.004,0.0,159934,黄金ETF,2025-09-06 17:14:18,,,,,,,,,,,,,,,,,,,,,,,,
2024-11-04,5.95,5.958,5.928,5.94,102848300.0,610.92,0.5,-0.79,-0.047,0.0,159934,黄金ETF,2025-09-06 17:14:18,,,,,,,,,,,,,,,,,,,,,,,,
2024-11-01,5.963,6.006,5.961,5.987,69647700.0,416.98,0.74,-0.94,-0.057,0.0,159934,黄金ETF,2025-09-06 17:14:18,,,,,,,,,,,,,,,,,,,,,,,,
2024-10-31,6.073,6.076,6.044,6.044,71757651.0,433.7,0.53,-0.59,-0.036,0.0,159934,黄金ETF,2025-09-06 17:14:18,,,,,,,,,,,,,,,,,,,,,,,,
2024-10-30,6.058,6.084,6.045,6.08,96559400.0,587.08,0.65,1.23,0.074,0.0,159934,黄金ETF,2025-09-06 17:14:18,,,,,,,,,,,,,,,,,,,,,,,,
2024-10-29,5.97,6.007,5.97,6.006,77554747.0,465.79,0.62,0.82,0.049,0.0,159934,黄金ETF,2025-09-06 17:14:18,,,,,,,,,,,,,,,,,,,,,,,,
2024-10-28,5.925,5.967,5.925,5.957,74373233.0,443.04,0.71,0.35,0.021,0.0,159934,黄金ETF,2025-09-06 17:14:18,,,,,,,,,,,,,,,,,,,,,,,,
2024-10-25,5.931,5.938,5.923,5.936,68998159.0,409.57,0.25,0.02,0.001,0.0,159934,黄金ETF,2025-09-06 17:14:18,,,,,,,,,,,,,,,,,,,,,,,,
2024-10-24,5.93,5.942,5.897,5.935,99796079.0,592.29,0.75,-0.95,-0.057,0.0,159934,黄金ETF,2025-09-06 17:14:18,,,,,,,,,,,,,,,,,,,,,,,,
2024-10-23,5.98,5.994,5.959,5.992,86793600.0,520.07,0.59,0.57,0.034,0.0,159934,黄金ETF,2025-09-06 17:14:18,,,,,,,,,,,,,,,,,,,,,,,,
2024-10-22,5.957,5.966,5.945,5.958,110806200.0,660.18,0.35,0.0,0.0,0.0,159934,黄金ETF,2025-09-06 17:14:18,,,,,,,,,,,,,,,,,,,,,,,,
2024-10-21,5.932,5.958,5.917,5.958,133388600.0,794.73,0.7,1.38,0.081,0.0,159934,黄金ETF,2025-09-06 17:14:18,,,,,,,,,,,,,,,,,,,,,,,,
2024-10-18,5.898,5.923,5.852,5.877,164485240.0,966.68,1.21,0.5,0.029,0.0,159934,黄金ETF,2025-09-06 17:14:18,,,,,,,,,,,,,,,,,,,,,,,,
2024-10-17,5.837,5.851,5.827,5.848,107898880.0,630.99,0.41,0.41,0.024,0.0,159934,黄金ETF,2025-09-06 17:14:18,,,,,,,,,,,,,,,,,,,,,,,,
2024-10-16,5.795,5.825,5.777,5.824,98578378.0,574.12,0.84,1.46,0.084,0.0,159934,黄金ETF,2025-09-06 17:14:18,,,,,,,,,,,,,,,,,,,,,,,,
2024-10-15,5.73,5.742,5.703,5.74,60770800.0,348.82,0.68,0.03,0.002,0.0,159934,黄金ETF,2025-09-06 17:14:18,,,,,,,,,,,,,,,,,,,,,,,,
2024-10-14,5.689,5.746,5.689,5.738,68620604.0,393.75,1.0,1.06,0.06,0.0,159934,黄金ETF,2025-09-06 17:14:18,,,,,,,,,,,,,,,,,,,,,,,,
2024-10-11,5.66,5.699,5.66,5.678,74444851.0,422.7,0.69,1.12,0.063,0.0,159934,黄金ETF,2025-09-06 17:14:18,,,,,,,,,,,,,,,,,,,,,,,,
2024-10-10,5.586,5.618,5.584,5.615,56243740.0,315.81,0.61,0.61,0.034,0.0,159934,黄金ETF,2025-09-06 17:14:18,,,,,,,,,,,,,,,,,,,,,,,,
2024-10-09,5.647,5.647,5.58,5.581,96571763.0,538.97,1.18,-1.33,-0.075,0.0,159934,黄金ETF,2025-09-06 17:14:18,,,,,,,,,,,,,,,,,,,,,,,,
2024-10-08,5.657,5.693,5.65,5.656,80883081.0,457.47,0.76,-0.04,-0.002,0.0,159934,黄金ETF,2025-09-06 17:14:18,,,,,,,,,,,,,,,,,,,,,,,,
2024-09-30,5.654,5.66,5.623,5.658,73072753.0,413.45,0.65,-0.53,-0.03,0.0,159934,黄金ETF,2025-09-06 17:14:18,,,,,,,,,,,,,,,,,,,,,,,,
2024-09-27,5.692,5.705,5.682,5.688,50542187.0,287.48,0.4,-0.07,-0.004,0.0,159934,黄金ETF,2025-09-06 17:14:18,,,,,,,,,,,,,,,,,,,,,,,,
2024-09-26,5.701,5.707,5.682,5.692,52486100.0,298.75,0.44,0.11,0.006,0.0,159934,黄金ETF,2025-09-06 17:14:18,,,,,,,,,,,,,,,,,,,,,,,,
2024-09-25,5.652,5.714,5.651,5.686,50850311.0,289.13,1.12,0.83,0.047,0.0,159934,黄金ETF,2025-09-06 17:14:18,,,,,,,,,,,,,,,,,,,,,,,,
2024-09-24,5.671,5.673,5.632,5.639,73138571.0,412.43,0.73,-0.25,-0.014,0.0,159934,黄金ETF,2025-09-06 17:14:18,,,,,,,,,,,,,,,,,,,,,,,,
2024-09-23,5.63,5.669,5.626,5.653,39499200.0,223.29,0.77,0.89,0.05,0.0,159934,黄金ETF,2025-09-06 17:14:18,,,,,,,,,,,,,,,,,,,,,,,,
2024-09-20,5.56,5.603,5.56,5.603,45339840.0,254.04,0.78,1.1,0.061,0.0,159934,黄金ETF,2025-09-06 17:14:18,,,,,,,,,,,,,,,,,,,,,,,,
2024-09-19,5.54,5.552,5.518,5.542,75769900.0,419.92,0.61,-0.16,-0.009,0.0,159934,黄金ETF,2025-09-06 17:14:18,,,,,,,,,,,,,,,,,,,,,,,,
2024-09-18,5.562,5.565,5.544,5.551,91895542.0,510.11,0.38,0.0,0.0,0.0,159934,黄金ETF,2025-09-06 17:14:18,,,,,,,,,,,,,,,,,,,,,,,,
2024-09-13,5.551,5.565,5.545,5.551,64151599.0,356.11,0.37,1.37,0.075,0.0,159934,黄金ETF,2025-09-06 17:14:18,,,,,,,,,,,,,,,,,,,,,,,,
2024-09-12,5.475,5.48,5.463,5.476,28362900.0,155.32,0.31,-0.16,-0.009,0.0,159934,黄金ETF,2025-09-06 17:14:18,,,,,,,,,,,,,,,,,,,,,,,,
2024-09-11,5.477,5.487,5.469,5.485,37693500.0,206.75,0.33,0.49,0.027,0.0,159934,黄金ETF,2025-09-06 17:14:18,,,,,,,,,,,,,,,,,,,,,,,,
2024-09-10,5.452,5.459,5.448,5.458,17625718.0,96.2,0.2,0.66,0.036,0.0,159934,黄金ETF,2025-09-06 17:14:18,,,,,,,,,,,,,,,,,,,,,,,,
2024-09-09,5.45,5.45,5.411,5.422,21727363.0,117.81,0.71,-0.71,-0.039,0.0,159934,黄金ETF,2025-09-06 17:14:18,,,,,,,,,,,,,,,,,,,,,,,,
2024-09-06,5.455,5.469,5.45,5.461,17498700.0,95.56,0.0,0.0,0.0,0.0,159934,黄金ETF,2025-09-06 17:14:18,,,,,,,,,,,,,,,,,,,,,,,,
