日期,开盘,最高,最低,收盘,成交量,成交额,振幅,涨跌幅,涨跌额,换手率,ETF代码,ETF名称,爬取时间,折溢价率,IOPV,前收盘,量比,委比,外盘,内盘,主力净流入-净额,主力净流入-净占比,超大单净流入-净额,超大单净流入-净占比,大单净流入-净额,大单净流入-净占比,中单净流入-净额,中单净流入-净占比,小单净流入-净额,小单净流入-净占比,现手,买一,卖一,最新份额,流通市值,总市值,更新时间
2025-09-22,1.699,1.79,1.682,1.77,768459960.0,13601741.29,6.36,4.18,0.071,,159995,芯片ETF,2025-09-22 21:52:51,,,,,,,,,,,,,,,,,,,,,,,,
2025-09-19,1.741,1.762,1.701,1.703,745538819.0,12696526.09,3.52,-1.79,-0.031,,159995,芯片ETF,2025-09-19 18:14:22,,,,,,,,,,,,,,,,,,,,,,,,
2025-09-18,1.726,1.806,1.69,1.734,1041019929.0,18051285.57,6.84,2.18,0.037,,159995,芯片ETF,2025-09-19 18:14:22,,,,,,,,,,,,,,,,,,,,,,,,
2025-09-17,1.675,1.714,1.648,1.697,564218212.0,9574783.06,3.94,1.31,0.022,,159995,芯片ETF,2025-09-19 18:14:22,,,,,,,,,,,,,,,,,,,,,,,,
2025-09-16,1.662,1.7,1.661,1.68,665908414.0,11187261.36,2.35,1.08,0.018,,159995,芯片ETF,2025-09-18 22:22:51,,,,,,,,,,,,,,,,,,,,,,,,
2025-09-12,1.62,1.678,1.613,1.647,87382.76,1440456947.933,4.0,1.48,0.024,5.59,159995,芯片ETF,2025-09-12 22:21:36,0.01,1.6471,1.623,1.22,-37.89,4116023.0,4622253.0,156494176.0,10.86,186161824.0,12.92,-29667648.0,-2.06,-92103617.0,-6.39,-64390553.0,-4.47,39164.0,1.646,1.647,15637763072.0,25755395780.0,25755395780.0,2025-09-12 15:35:00+08:00
2025-09-11,1.516,1.63,1.508,1.623,833852944.0,13533433.28,0.0,0.0,0.0,0.0,159995,芯片ETF,2025-09-11 22:22:15,0.0,,,,,,,,,,,,,,,,,,,,,,,
2025-09-10,1.507,1.543,1.501,1.524,507210183.0,7729883.19,0.0,0.0,0.0,0.0,159995,芯片ETF,2025-09-10 22:21:27,0.0,,,,,,,,,,,,,,,,,,,,,,,
2025-09-09,1.505,1.531,1.489,1.497,519265920.0,7773410.82,0.0,0.0,0.0,0.0,159995,芯片ETF,2025-09-09 18:57:38,,,,,,,,,,,,,,,,,,,,,,,,
2025-09-08,1.523,1.536,1.497,1.528,647758593.0,9897751.3,0.0,0.0,0.0,0.0,159995,芯片ETF,2025-09-08 18:27:51,,,,,,,,,,,,,,,,,,,,,,,,
2025-09-05,1.475,1.539,1.456,1.528,1060267355.0,1620.09,5.63,3.59,0.053,0.0,159995,芯片ETF,2025-09-06 17:14:18,,,,,,,,,,,,,,,,,,,,,,,,
2025-09-04,1.59,1.592,1.45,1.475,1031878659.0,1522.02,8.92,-7.35,-0.117,0.0,159995,芯片ETF,2025-09-06 17:14:18,,,,,,,,,,,,,,,,,,,,,,,,
2025-09-03,1.621,1.634,1.582,1.592,642029371.0,1022.11,3.18,-2.57,-0.042,0.0,159995,芯片ETF,2025-09-06 17:14:18,,,,,,,,,,,,,,,,,,,,,,,,
2025-09-02,1.679,1.697,1.617,1.634,752660315.0,1229.85,4.76,-2.8,-0.047,0.0,159995,芯片ETF,2025-09-06 17:14:18,,,,,,,,,,,,,,,,,,,,,,,,
2025-09-01,1.675,1.697,1.628,1.681,756856554.0,1272.28,4.17,1.57,0.026,0.0,159995,芯片ETF,2025-09-06 17:14:18,,,,,,,,,,,,,,,,,,,,,,,,
2025-08-29,1.66,1.664,1.62,1.655,1065780497.0,1763.87,2.59,-2.59,-0.044,0.0,159995,芯片ETF,2025-09-06 17:14:18,,,,,,,,,,,,,,,,,,,,,,,,
2025-08-28,1.581,1.7,1.581,1.699,1410011946.0,2395.61,7.53,7.53,0.119,0.0,159995,芯片ETF,2025-09-06 17:14:18,,,,,,,,,,,,,,,,,,,,,,,,
2025-08-27,1.594,1.652,1.579,1.58,1010652349.0,1596.83,4.63,0.25,0.004,0.0,159995,芯片ETF,2025-09-06 17:14:18,,,,,,,,,,,,,,,,,,,,,,,,
2025-08-26,1.566,1.596,1.546,1.576,832482498.0,1311.99,3.14,-1.01,-0.016,0.0,159995,芯片ETF,2025-09-06 17:14:18,,,,,,,,,,,,,,,,,,,,,,,,
2025-08-25,1.59,1.641,1.546,1.592,1438199407.0,2289.61,6.16,3.18,0.049,0.0,159995,芯片ETF,2025-09-06 17:14:18,,,,,,,,,,,,,,,,,,,,,,,,
2025-08-22,1.412,1.543,1.412,1.543,1511140652.0,2331.69,9.34,9.98,0.14,0.0,159995,芯片ETF,2025-09-06 17:14:18,,,,,,,,,,,,,,,,,,,,,,,,
2025-08-21,1.406,1.434,1.397,1.403,819463475.0,1149.71,2.64,0.29,0.004,0.0,159995,芯片ETF,2025-09-06 17:14:18,,,,,,,,,,,,,,,,,,,,,,,,
2025-08-20,1.343,1.399,1.335,1.399,789295774.0,1104.22,4.75,3.86,0.052,0.0,159995,芯片ETF,2025-09-06 17:14:18,,,,,,,,,,,,,,,,,,,,,,,,
2025-08-19,1.367,1.377,1.346,1.347,576809652.0,776.96,2.26,-1.75,-0.024,0.0,159995,芯片ETF,2025-09-06 17:14:18,,,,,,,,,,,,,,,,,,,,,,,,
2025-08-18,1.362,1.385,1.344,1.371,799289422.0,1095.83,3.04,1.71,0.023,0.0,159995,芯片ETF,2025-09-06 17:14:18,,,,,,,,,,,,,,,,,,,,,,,,
2025-08-15,1.321,1.353,1.317,1.348,787491736.0,1061.54,2.71,1.35,0.018,0.0,159995,芯片ETF,2025-09-06 17:14:18,,,,,,,,,,,,,,,,,,,,,,,,
2025-08-14,1.31,1.368,1.307,1.33,1279395729.0,1701.6,4.67,1.76,0.023,0.0,159995,芯片ETF,2025-09-06 17:14:18,,,,,,,,,,,,,,,,,,,,,,,,
2025-08-13,1.296,1.309,1.293,1.307,628819028.0,821.87,1.23,0.69,0.009,0.0,159995,芯片ETF,2025-09-06 17:14:18,,,,,,,,,,,,,,,,,,,,,,,,
2025-08-12,1.262,1.31,1.256,1.298,978494553.0,1270.09,4.28,2.77,0.035,0.0,159995,芯片ETF,2025-09-06 17:14:18,,,,,,,,,,,,,,,,,,,,,,,,
2025-08-11,1.256,1.268,1.254,1.263,328794457.0,415.27,1.11,0.56,0.007,0.0,159995,芯片ETF,2025-09-06 17:14:18,,,,,,,,,,,,,,,,,,,,,,,,
2025-08-08,1.272,1.272,1.256,1.256,499661763.0,627.58,1.25,-1.72,-0.022,0.0,159995,芯片ETF,2025-09-06 17:14:18,,,,,,,,,,,,,,,,,,,,,,,,
2025-08-07,1.274,1.296,1.269,1.278,563271431.0,719.86,2.12,0.24,0.003,0.0,159995,芯片ETF,2025-09-06 17:14:18,,,,,,,,,,,,,,,,,,,,,,,,
2025-08-06,1.263,1.276,1.257,1.275,343945254.0,438.53,1.5,0.71,0.009,0.0,159995,芯片ETF,2025-09-06 17:14:18,,,,,,,,,,,,,,,,,,,,,,,,
2025-08-05,1.262,1.268,1.257,1.266,303371607.0,384.07,0.87,0.32,0.004,0.0,159995,芯片ETF,2025-09-06 17:14:18,,,,,,,,,,,,,,,,,,,,,,,,
2025-08-04,1.243,1.264,1.242,1.262,332960207.0,420.2,1.76,0.96,0.012,0.0,159995,芯片ETF,2025-09-06 17:14:18,,,,,,,,,,,,,,,,,,,,,,,,
2025-08-01,1.263,1.277,1.242,1.25,512499840.0,640.62,2.77,-1.11,-0.014,0.0,159995,芯片ETF,2025-09-06 17:14:18,,,,,,,,,,,,,,,,,,,,,,,,
2025-07-31,1.277,1.294,1.26,1.264,678111936.0,857.13,2.65,-1.4,-0.018,0.0,159995,芯片ETF,2025-09-06 17:14:18,,,,,,,,,,,,,,,,,,,,,,,,
2025-07-30,1.291,1.303,1.272,1.282,527354942.0,676.07,2.4,-0.85,-0.011,0.0,159995,芯片ETF,2025-09-06 17:14:18,,,,,,,,,,,,,,,,,,,,,,,,
2025-07-29,1.274,1.296,1.272,1.293,484803048.0,626.85,1.88,1.17,0.015,0.0,159995,芯片ETF,2025-09-06 17:14:18,,,,,,,,,,,,,,,,,,,,,,,,
2025-07-28,1.28,1.282,1.267,1.278,569534406.0,727.86,1.17,0.0,0.0,0.0,159995,芯片ETF,2025-09-06 17:14:18,,,,,,,,,,,,,,,,,,,,,,,,
2025-07-25,1.252,1.285,1.242,1.278,893085640.0,1141.36,3.44,2.16,0.027,0.0,159995,芯片ETF,2025-09-06 17:14:18,,,,,,,,,,,,,,,,,,,,,,,,
2025-07-24,1.235,1.251,1.232,1.251,620490010.0,776.23,1.54,1.38,0.017,0.0,159995,芯片ETF,2025-09-06 17:14:18,,,,,,,,,,,,,,,,,,,,,,,,
2025-07-23,1.225,1.243,1.221,1.234,832722008.0,1027.58,1.8,0.73,0.009,0.0,159995,芯片ETF,2025-09-06 17:14:18,,,,,,,,,,,,,,,,,,,,,,,,
2025-07-22,1.222,1.232,1.217,1.225,530147900.0,649.43,1.23,0.25,0.003,0.0,159995,芯片ETF,2025-09-06 17:14:18,,,,,,,,,,,,,,,,,,,,,,,,
2025-07-21,1.222,1.225,1.217,1.222,469868662.0,574.18,0.65,0.0,0.0,0.0,159995,芯片ETF,2025-09-06 17:14:18,,,,,,,,,,,,,,,,,,,,,,,,
2025-07-18,1.218,1.233,1.215,1.222,546477107.0,667.8,1.48,0.41,0.005,0.0,159995,芯片ETF,2025-09-06 17:14:18,,,,,,,,,,,,,,,,,,,,,,,,
2025-07-17,1.207,1.217,1.198,1.217,553191948.0,673.23,1.57,0.75,0.009,0.0,159995,芯片ETF,2025-09-06 17:14:18,,,,,,,,,,,,,,,,,,,,,,,,
2025-07-16,1.202,1.226,1.202,1.208,534115947.0,645.21,2.0,0.5,0.006,0.0,159995,芯片ETF,2025-09-06 17:14:18,,,,,,,,,,,,,,,,,,,,,,,,
2025-07-15,1.205,1.21,1.196,1.202,474917201.0,570.85,1.16,-0.33,-0.004,0.0,159995,芯片ETF,2025-09-06 17:14:18,,,,,,,,,,,,,,,,,,,,,,,,
2025-07-14,1.212,1.216,1.205,1.206,287932498.0,347.25,0.91,-0.5,-0.006,0.0,159995,芯片ETF,2025-09-06 17:14:18,,,,,,,,,,,,,,,,,,,,,,,,
2025-07-11,1.193,1.217,1.19,1.212,581648425.0,704.96,2.26,1.51,0.018,0.0,159995,芯片ETF,2025-09-06 17:14:18,,,,,,,,,,,,,,,,,,,,,,,,
2025-07-10,1.196,1.2,1.189,1.194,292946853.0,349.78,0.92,-0.33,-0.004,0.0,159995,芯片ETF,2025-09-06 17:14:18,,,,,,,,,,,,,,,,,,,,,,,,
2025-07-09,1.21,1.212,1.196,1.198,284838626.0,341.24,1.32,-0.91,-0.011,0.0,159995,芯片ETF,2025-09-06 17:14:18,,,,,,,,,,,,,,,,,,,,,,,,
2025-07-08,1.198,1.211,1.195,1.209,374076101.0,452.26,1.34,1.34,0.016,0.0,159995,芯片ETF,2025-09-06 17:14:18,,,,,,,,,,,,,,,,,,,,,,,,
2025-07-07,1.194,1.202,1.192,1.193,184882300.0,220.56,0.84,-0.33,-0.004,0.0,159995,芯片ETF,2025-09-06 17:14:18,,,,,,,,,,,,,,,,,,,,,,,,
2025-07-04,1.199,1.216,1.187,1.197,493619100.0,590.86,2.42,-0.25,-0.003,0.0,159995,芯片ETF,2025-09-06 17:14:18,,,,,,,,,,,,,,,,,,,,,,,,
2025-07-03,1.196,1.203,1.193,1.2,259538600.0,311.45,0.84,0.33,0.004,0.0,159995,芯片ETF,2025-09-06 17:14:18,,,,,,,,,,,,,,,,,,,,,,,,
2025-07-02,1.218,1.218,1.194,1.196,418316312.0,500.31,1.97,-1.97,-0.024,0.0,159995,芯片ETF,2025-09-06 17:14:18,,,,,,,,,,,,,,,,,,,,,,,,
2025-07-01,1.228,1.231,1.214,1.22,386563200.0,471.61,1.38,-0.81,-0.01,0.0,159995,芯片ETF,2025-09-06 17:14:18,,,,,,,,,,,,,,,,,,,,,,,,
2025-06-30,1.219,1.234,1.217,1.23,532499600.0,654.97,1.4,1.32,0.016,0.0,159995,芯片ETF,2025-09-06 17:14:18,,,,,,,,,,,,,,,,,,,,,,,,
2025-06-27,1.22,1.226,1.206,1.214,501865700.0,609.26,1.65,0.33,0.004,0.0,159995,芯片ETF,2025-09-06 17:14:18,,,,,,,,,,,,,,,,,,,,,,,,
2025-06-26,1.22,1.233,1.209,1.21,514172301.0,622.15,1.97,-0.82,-0.01,0.0,159995,芯片ETF,2025-09-06 17:14:18,,,,,,,,,,,,,,,,,,,,,,,,
2025-06-25,1.202,1.22,1.194,1.22,721155373.0,879.81,2.17,1.67,0.02,0.0,159995,芯片ETF,2025-09-06 17:14:18,,,,,,,,,,,,,,,,,,,,,,,,
2025-06-24,1.181,1.201,1.179,1.2,519749200.0,623.7,1.87,1.78,0.021,0.0,159995,芯片ETF,2025-09-06 17:14:18,,,,,,,,,,,,,,,,,,,,,,,,
2025-06-23,1.16,1.185,1.157,1.179,497396600.0,586.43,2.4,1.2,0.014,0.0,159995,芯片ETF,2025-09-06 17:14:18,,,,,,,,,,,,,,,,,,,,,,,,
2025-06-20,1.173,1.179,1.165,1.165,272921400.0,317.95,1.19,-0.77,-0.009,0.0,159995,芯片ETF,2025-09-06 17:14:18,,,,,,,,,,,,,,,,,,,,,,,,
2025-06-19,1.171,1.188,1.169,1.174,356861200.0,418.96,1.62,0.0,0.0,0.0,159995,芯片ETF,2025-09-06 17:14:18,,,,,,,,,,,,,,,,,,,,,,,,
2025-06-18,1.167,1.18,1.162,1.174,306969300.0,360.38,1.54,0.51,0.006,0.0,159995,芯片ETF,2025-09-06 17:14:18,,,,,,,,,,,,,,,,,,,,,,,,
2025-06-17,1.177,1.179,1.164,1.168,221027403.0,258.16,1.28,-0.51,-0.006,0.0,159995,芯片ETF,2025-09-06 17:14:18,,,,,,,,,,,,,,,,,,,,,,,,
2025-06-16,1.167,1.182,1.166,1.174,218751006.0,256.81,1.37,0.17,0.002,0.0,159995,芯片ETF,2025-09-06 17:14:18,,,,,,,,,,,,,,,,,,,,,,,,
2025-06-13,1.167,1.177,1.164,1.172,402944926.0,472.25,1.11,0.0,0.0,0.0,159995,芯片ETF,2025-09-06 17:14:18,,,,,,,,,,,,,,,,,,,,,,,,
2025-06-12,1.18,1.18,1.17,1.172,275489300.0,322.87,0.85,-0.76,-0.009,0.0,159995,芯片ETF,2025-09-06 17:14:18,,,,,,,,,,,,,,,,,,,,,,,,
2025-06-11,1.186,1.193,1.18,1.181,308569201.0,364.42,1.1,-0.25,-0.003,0.0,159995,芯片ETF,2025-09-06 17:14:18,,,,,,,,,,,,,,,,,,,,,,,,
2025-06-10,1.213,1.214,1.179,1.184,429800201.0,508.88,2.9,-1.99,-0.024,0.0,159995,芯片ETF,2025-09-06 17:14:18,,,,,,,,,,,,,,,,,,,,,,,,
2025-06-09,1.208,1.212,1.202,1.208,317273303.0,383.27,0.83,-0.17,-0.002,0.0,159995,芯片ETF,2025-09-06 17:14:18,,,,,,,,,,,,,,,,,,,,,,,,
2025-06-06,1.208,1.215,1.201,1.21,259543642.0,314.05,1.16,0.17,0.002,0.0,159995,芯片ETF,2025-09-06 17:14:18,,,,,,,,,,,,,,,,,,,,,,,,
2025-06-05,1.194,1.209,1.189,1.208,327448314.0,395.56,1.68,1.51,0.018,0.0,159995,芯片ETF,2025-09-06 17:14:18,,,,,,,,,,,,,,,,,,,,,,,,
2025-06-04,1.183,1.194,1.182,1.19,221302000.0,263.35,1.01,0.59,0.007,0.0,159995,芯片ETF,2025-09-06 17:14:18,,,,,,,,,,,,,,,,,,,,,,,,
2025-06-03,1.171,1.192,1.171,1.183,252146742.0,298.29,1.79,0.6,0.007,0.0,159995,芯片ETF,2025-09-06 17:14:18,,,,,,,,,,,,,,,,,,,,,,,,
2025-05-30,1.189,1.189,1.172,1.176,286186400.0,336.56,1.42,-1.42,-0.017,0.0,159995,芯片ETF,2025-09-06 17:14:18,,,,,,,,,,,,,,,,,,,,,,,,
2025-05-29,1.174,1.193,1.173,1.193,371087878.0,442.71,1.71,1.88,0.022,0.0,159995,芯片ETF,2025-09-06 17:14:18,,,,,,,,,,,,,,,,,,,,,,,,
2025-05-28,1.183,1.186,1.17,1.171,221165200.0,258.98,1.35,-0.93,-0.011,0.0,159995,芯片ETF,2025-09-06 17:14:18,,,,,,,,,,,,,,,,,,,,,,,,
2025-05-27,1.197,1.197,1.181,1.182,345618081.0,408.52,1.33,-1.75,-0.021,0.0,159995,芯片ETF,2025-09-06 17:14:18,,,,,,,,,,,,,,,,,,,,,,,,
2025-05-26,1.196,1.205,1.194,1.203,530226632.0,637.86,0.92,0.92,0.011,0.0,159995,芯片ETF,2025-09-06 17:14:18,,,,,,,,,,,,,,,,,,,,,,,,
2025-05-23,1.208,1.213,1.192,1.192,354958600.0,423.11,1.74,-1.32,-0.016,0.0,159995,芯片ETF,2025-09-06 17:14:18,,,,,,,,,,,,,,,,,,,,,,,,
2025-05-22,1.209,1.221,1.205,1.208,273476500.0,330.36,1.32,-0.25,-0.003,0.0,159995,芯片ETF,2025-09-06 17:14:18,,,,,,,,,,,,,,,,,,,,,,,,
2025-05-21,1.224,1.224,1.208,1.211,295163702.0,357.44,1.31,-1.06,-0.013,0.0,159995,芯片ETF,2025-09-06 17:14:18,,,,,,,,,,,,,,,,,,,,,,,,
2025-05-20,1.22,1.23,1.217,1.224,199151129.0,243.76,1.07,0.33,0.004,0.0,159995,芯片ETF,2025-09-06 17:14:18,,,,,,,,,,,,,,,,,,,,,,,,
2025-05-19,1.213,1.223,1.205,1.22,239763200.0,292.51,1.49,0.66,0.008,0.0,159995,芯片ETF,2025-09-06 17:14:18,,,,,,,,,,,,,,,,,,,,,,,,
2025-05-16,1.216,1.222,1.21,1.212,285488400.0,346.01,0.98,-0.57,-0.007,0.0,159995,芯片ETF,2025-09-06 17:14:18,,,,,,,,,,,,,,,,,,,,,,,,
2025-05-15,1.244,1.244,1.218,1.219,341481900.0,416.27,2.09,-2.01,-0.025,0.0,159995,芯片ETF,2025-09-06 17:14:18,,,,,,,,,,,,,,,,,,,,,,,,
2025-05-14,1.241,1.253,1.234,1.244,401768046.0,499.8,1.53,0.48,0.006,0.0,159995,芯片ETF,2025-09-06 17:14:18,,,,,,,,,,,,,,,,,,,,,,,,
2025-05-13,1.251,1.255,1.236,1.238,312413800.0,386.77,1.53,-0.48,-0.006,0.0,159995,芯片ETF,2025-09-06 17:14:18,,,,,,,,,,,,,,,,,,,,,,,,
2025-05-12,1.243,1.251,1.236,1.244,330273644.0,410.86,1.21,0.4,0.005,0.0,159995,芯片ETF,2025-09-06 17:14:18,,,,,,,,,,,,,,,,,,,,,,,,
2025-05-09,1.259,1.259,1.236,1.239,356625901.0,441.86,1.82,-2.06,-0.026,0.0,159995,芯片ETF,2025-09-06 17:14:18,,,,,,,,,,,,,,,,,,,,,,,,
2025-05-08,1.268,1.27,1.26,1.265,320732421.0,405.73,0.79,-0.63,-0.008,0.0,159995,芯片ETF,2025-09-06 17:14:18,,,,,,,,,,,,,,,,,,,,,,,,
2025-05-07,1.294,1.296,1.262,1.273,439622858.0,559.64,2.67,-0.16,-0.002,0.0,159995,芯片ETF,2025-09-06 17:14:18,,,,,,,,,,,,,,,,,,,,,,,,
2025-05-06,1.262,1.276,1.258,1.275,332251700.0,423.62,1.43,1.51,0.019,0.0,159995,芯片ETF,2025-09-06 17:14:18,,,,,,,,,,,,,,,,,,,,,,,,
2025-04-30,1.245,1.26,1.242,1.256,331993300.0,416.98,1.44,0.8,0.01,0.0,159995,芯片ETF,2025-09-06 17:14:18,,,,,,,,,,,,,,,,,,,,,,,,
2025-04-29,1.231,1.248,1.225,1.246,295775346.0,368.54,1.86,0.89,0.011,0.0,159995,芯片ETF,2025-09-06 17:14:18,,,,,,,,,,,,,,,,,,,,,,,,
2025-04-28,1.23,1.24,1.225,1.235,334755127.0,413.42,1.22,0.41,0.005,0.0,159995,芯片ETF,2025-09-06 17:14:18,,,,,,,,,,,,,,,,,,,,,,,,
2025-04-25,1.232,1.239,1.221,1.23,377190752.0,463.94,1.46,-0.16,-0.002,0.0,159995,芯片ETF,2025-09-06 17:14:18,,,,,,,,,,,,,,,,,,,,,,,,
2025-04-24,1.246,1.247,1.227,1.232,326718549.0,402.52,1.61,-1.12,-0.014,0.0,159995,芯片ETF,2025-09-06 17:14:18,,,,,,,,,,,,,,,,,,,,,,,,
2025-04-23,1.254,1.257,1.24,1.246,368724325.0,459.43,1.36,-0.32,-0.004,0.0,159995,芯片ETF,2025-09-06 17:14:18,,,,,,,,,,,,,,,,,,,,,,,,
2025-04-22,1.252,1.26,1.246,1.25,329457968.0,411.82,1.12,-0.16,-0.002,0.0,159995,芯片ETF,2025-09-06 17:14:18,,,,,,,,,,,,,,,,,,,,,,,,
2025-04-21,1.241,1.255,1.239,1.252,258390306.0,323.5,1.29,0.97,0.012,0.0,159995,芯片ETF,2025-09-06 17:14:18,,,,,,,,,,,,,,,,,,,,,,,,
2025-04-18,1.245,1.246,1.231,1.24,309130830.0,383.32,1.2,-0.8,-0.01,0.0,159995,芯片ETF,2025-09-06 17:14:18,,,,,,,,,,,,,,,,,,,,,,,,
2025-04-17,1.238,1.264,1.238,1.25,373143500.0,466.43,2.09,0.24,0.003,0.0,159995,芯片ETF,2025-09-06 17:14:18,,,,,,,,,,,,,,,,,,,,,,,,
2025-04-16,1.246,1.249,1.225,1.247,487260000.0,607.61,1.95,1.3,0.016,0.0,159995,芯片ETF,2025-09-06 17:14:18,,,,,,,,,,,,,,,,,,,,,,,,
2025-04-15,1.244,1.245,1.223,1.231,396850200.0,488.52,1.76,-1.44,-0.018,0.0,159995,芯片ETF,2025-09-06 17:14:18,,,,,,,,,,,,,,,,,,,,,,,,
2025-04-14,1.265,1.265,1.235,1.249,559117300.0,698.34,2.4,-0.08,-0.001,0.0,159995,芯片ETF,2025-09-06 17:14:18,,,,,,,,,,,,,,,,,,,,,,,,
2025-04-11,1.199,1.277,1.199,1.25,947955805.0,1184.94,6.51,4.25,0.051,0.0,159995,芯片ETF,2025-09-06 17:14:18,,,,,,,,,,,,,,,,,,,,,,,,
2025-04-10,1.211,1.223,1.194,1.199,648247482.0,777.25,2.44,0.84,0.01,0.0,159995,芯片ETF,2025-09-06 17:14:18,,,,,,,,,,,,,,,,,,,,,,,,
2025-04-09,1.112,1.207,1.1,1.189,1248710801.0,1484.72,9.48,5.31,0.06,0.0,159995,芯片ETF,2025-09-06 17:14:18,,,,,,,,,,,,,,,,,,,,,,,,
2025-04-08,1.143,1.154,1.11,1.129,817476421.0,922.93,3.91,0.36,0.004,0.0,159995,芯片ETF,2025-09-06 17:14:18,,,,,,,,,,,,,,,,,,,,,,,,
2025-04-07,1.17,1.2,1.113,1.125,1036834026.0,1166.44,7.03,-9.05,-0.112,0.0,159995,芯片ETF,2025-09-06 17:14:18,,,,,,,,,,,,,,,,,,,,,,,,
2025-04-03,1.223,1.251,1.22,1.237,378060206.0,467.66,2.51,0.16,0.002,0.0,159995,芯片ETF,2025-09-06 17:14:18,,,,,,,,,,,,,,,,,,,,,,,,
2025-04-02,1.234,1.244,1.23,1.235,265897800.0,328.38,1.13,-0.16,-0.002,0.0,159995,芯片ETF,2025-09-06 17:14:18,,,,,,,,,,,,,,,,,,,,,,,,
2025-04-01,1.239,1.247,1.232,1.237,352737301.0,436.34,1.22,0.32,0.004,0.0,159995,芯片ETF,2025-09-06 17:14:18,,,,,,,,,,,,,,,,,,,,,,,,
2025-03-31,1.231,1.243,1.216,1.233,439790600.0,542.26,2.18,-0.32,-0.004,0.0,159995,芯片ETF,2025-09-06 17:14:18,,,,,,,,,,,,,,,,,,,,,,,,
2025-03-28,1.252,1.259,1.237,1.237,361905200.0,447.68,1.75,-1.36,-0.017,0.0,159995,芯片ETF,2025-09-06 17:14:18,,,,,,,,,,,,,,,,,,,,,,,,
2025-03-27,1.244,1.274,1.241,1.254,423571200.0,531.16,2.65,0.56,0.007,0.0,159995,芯片ETF,2025-09-06 17:14:18,,,,,,,,,,,,,,,,,,,,,,,,
2025-03-26,1.251,1.262,1.246,1.247,375403800.0,468.13,1.28,-0.32,-0.004,0.0,159995,芯片ETF,2025-09-06 17:14:18,,,,,,,,,,,,,,,,,,,,,,,,
2025-03-25,1.273,1.275,1.247,1.251,475105808.0,594.36,2.2,-1.73,-0.022,0.0,159995,芯片ETF,2025-09-06 17:14:18,,,,,,,,,,,,,,,,,,,,,,,,
2025-03-24,1.263,1.275,1.25,1.273,553673068.0,704.83,1.98,0.79,0.01,0.0,159995,芯片ETF,2025-09-06 17:14:18,,,,,,,,,,,,,,,,,,,,,,,,
2025-03-21,1.295,1.297,1.256,1.263,660302740.0,833.96,3.16,-2.55,-0.033,0.0,159995,芯片ETF,2025-09-06 17:14:18,,,,,,,,,,,,,,,,,,,,,,,,
2025-03-20,1.308,1.311,1.295,1.296,439253563.0,569.27,1.22,-0.92,-0.012,0.0,159995,芯片ETF,2025-09-06 17:14:18,,,,,,,,,,,,,,,,,,,,,,,,
2025-03-19,1.323,1.329,1.305,1.308,448147702.0,586.18,1.81,-1.36,-0.018,0.0,159995,芯片ETF,2025-09-06 17:14:18,,,,,,,,,,,,,,,,,,,,,,,,
2025-03-18,1.325,1.343,1.321,1.326,615015100.0,815.51,1.67,0.53,0.007,0.0,159995,芯片ETF,2025-09-06 17:14:18,,,,,,,,,,,,,,,,,,,,,,,,
2025-03-17,1.333,1.337,1.316,1.319,590591705.0,778.99,1.58,-0.68,-0.009,0.0,159995,芯片ETF,2025-09-06 17:14:18,,,,,,,,,,,,,,,,,,,,,,,,
2025-03-14,1.304,1.33,1.301,1.328,611321702.0,811.84,2.23,2.0,0.026,0.0,159995,芯片ETF,2025-09-06 17:14:18,,,,,,,,,,,,,,,,,,,,,,,,
2025-03-13,1.339,1.342,1.295,1.302,723735600.0,942.3,3.5,-2.98,-0.04,0.0,159995,芯片ETF,2025-09-06 17:14:18,,,,,,,,,,,,,,,,,,,,,,,,
2025-03-12,1.352,1.363,1.341,1.342,496650044.0,666.5,1.63,-0.3,-0.004,0.0,159995,芯片ETF,2025-09-06 17:14:18,,,,,,,,,,,,,,,,,,,,,,,,
2025-03-11,1.337,1.354,1.331,1.346,600150620.0,807.8,1.69,-0.81,-0.011,0.0,159995,芯片ETF,2025-09-06 17:14:18,,,,,,,,,,,,,,,,,,,,,,,,
2025-03-10,1.356,1.364,1.337,1.357,519297709.0,704.69,1.99,-0.07,-0.001,0.0,159995,芯片ETF,2025-09-06 17:14:18,,,,,,,,,,,,,,,,,,,,,,,,
2025-03-07,1.37,1.378,1.351,1.358,617602537.0,838.7,1.96,-1.52,-0.021,0.0,159995,芯片ETF,2025-09-06 17:14:18,,,,,,,,,,,,,,,,,,,,,,,,
2025-03-06,1.355,1.389,1.353,1.379,730757609.0,1007.71,2.7,3.3,0.044,0.0,159995,芯片ETF,2025-09-06 17:14:18,,,,,,,,,,,,,,,,,,,,,,,,
2025-03-05,1.331,1.348,1.319,1.335,462809700.0,617.85,2.18,0.38,0.005,0.0,159995,芯片ETF,2025-09-06 17:14:18,,,,,,,,,,,,,,,,,,,,,,,,
2025-03-04,1.297,1.344,1.28,1.33,830642800.0,1104.75,4.9,1.92,0.025,0.0,159995,芯片ETF,2025-09-06 17:14:18,,,,,,,,,,,,,,,,,,,,,,,,
2025-03-03,1.327,1.336,1.296,1.305,648367609.0,846.12,3.01,-1.73,-0.023,0.0,159995,芯片ETF,2025-09-06 17:14:18,,,,,,,,,,,,,,,,,,,,,,,,
2025-02-28,1.382,1.391,1.325,1.328,959027711.0,1273.59,4.73,-4.73,-0.066,0.0,159995,芯片ETF,2025-09-06 17:14:18,,,,,,,,,,,,,,,,,,,,,,,,
2025-02-27,1.403,1.415,1.364,1.394,781251480.0,1089.06,3.63,-0.78,-0.011,0.0,159995,芯片ETF,2025-09-06 17:14:18,,,,,,,,,,,,,,,,,,,,,,,,
2025-02-26,1.385,1.408,1.36,1.405,802984729.0,1128.19,3.48,1.74,0.024,0.0,159995,芯片ETF,2025-09-06 17:14:18,,,,,,,,,,,,,,,,,,,,,,,,
2025-02-25,1.364,1.413,1.36,1.381,901240323.0,1244.61,3.81,-0.65,-0.009,0.0,159995,芯片ETF,2025-09-06 17:14:18,,,,,,,,,,,,,,,,,,,,,,,,
2025-02-24,1.381,1.408,1.37,1.39,1049107814.0,1458.26,2.74,0.36,0.005,0.0,159995,芯片ETF,2025-09-06 17:14:18,,,,,,,,,,,,,,,,,,,,,,,,
2025-02-21,1.318,1.397,1.316,1.385,1160349744.0,1607.08,6.19,5.81,0.076,0.0,159995,芯片ETF,2025-09-06 17:14:18,,,,,,,,,,,,,,,,,,,,,,,,
2025-02-20,1.318,1.323,1.3,1.309,618299154.0,809.35,1.75,-0.68,-0.009,0.0,159995,芯片ETF,2025-09-06 17:14:18,,,,,,,,,,,,,,,,,,,,,,,,
2025-02-19,1.269,1.32,1.269,1.318,914322385.0,1205.08,4.02,3.86,0.049,0.0,159995,芯片ETF,2025-09-06 17:14:18,,,,,,,,,,,,,,,,,,,,,,,,
2025-02-18,1.297,1.308,1.266,1.269,629992237.0,799.46,3.24,-2.16,-0.028,0.0,159995,芯片ETF,2025-09-06 17:14:18,,,,,,,,,,,,,,,,,,,,,,,,
2025-02-17,1.281,1.302,1.276,1.297,730508104.0,947.47,2.04,1.65,0.021,0.0,159995,芯片ETF,2025-09-06 17:14:18,,,,,,,,,,,,,,,,,,,,,,,,
2025-02-14,1.268,1.279,1.255,1.276,622344616.0,794.11,1.88,0.0,0.0,0.0,159995,芯片ETF,2025-09-06 17:14:18,,,,,,,,,,,,,,,,,,,,,,,,
2025-02-13,1.312,1.313,1.275,1.276,867962022.0,1107.52,2.89,-2.82,-0.037,0.0,159995,芯片ETF,2025-09-06 17:14:18,,,,,,,,,,,,,,,,,,,,,,,,
2025-02-12,1.276,1.314,1.271,1.313,917119055.0,1204.18,3.38,3.06,0.039,0.0,159995,芯片ETF,2025-09-06 17:14:18,,,,,,,,,,,,,,,,,,,,,,,,
2025-02-11,1.286,1.288,1.262,1.274,636451800.0,810.84,2.02,-1.09,-0.014,0.0,159995,芯片ETF,2025-09-06 17:14:18,,,,,,,,,,,,,,,,,,,,,,,,
2025-02-10,1.275,1.288,1.269,1.288,914928513.0,1178.43,1.49,1.18,0.015,0.0,159995,芯片ETF,2025-09-06 17:14:18,,,,,,,,,,,,,,,,,,,,,,,,
2025-02-07,1.265,1.298,1.249,1.273,984476383.0,1253.24,3.87,0.55,0.007,0.0,159995,芯片ETF,2025-09-06 17:14:18,,,,,,,,,,,,,,,,,,,,,,,,
2025-02-06,1.213,1.271,1.209,1.266,859836804.0,1088.55,5.08,3.77,0.046,0.0,159995,芯片ETF,2025-09-06 17:14:18,,,,,,,,,,,,,,,,,,,,,,,,
2025-02-05,1.219,1.226,1.205,1.22,704016600.0,858.9,1.78,3.3,0.039,0.0,159995,芯片ETF,2025-09-06 17:14:18,,,,,,,,,,,,,,,,,,,,,,,,
2025-01-27,1.213,1.213,1.18,1.181,505435401.0,596.92,2.71,-2.88,-0.035,0.0,159995,芯片ETF,2025-09-06 17:14:18,,,,,,,,,,,,,,,,,,,,,,,,
2025-01-24,1.207,1.221,1.203,1.216,425957808.0,517.96,1.49,0.58,0.007,0.0,159995,芯片ETF,2025-09-06 17:14:18,,,,,,,,,,,,,,,,,,,,,,,,
2025-01-23,1.242,1.255,1.208,1.209,688441199.0,832.33,3.83,-1.39,-0.017,0.0,159995,芯片ETF,2025-09-06 17:14:18,,,,,,,,,,,,,,,,,,,,,,,,
2025-01-22,1.224,1.238,1.22,1.226,531578800.0,651.72,1.46,-0.33,-0.004,0.0,159995,芯片ETF,2025-09-06 17:14:18,,,,,,,,,,,,,,,,,,,,,,,,
2025-01-21,1.226,1.241,1.212,1.23,580845101.0,714.44,2.38,0.9,0.011,0.0,159995,芯片ETF,2025-09-06 17:14:18,,,,,,,,,,,,,,,,,,,,,,,,
2025-01-20,1.224,1.23,1.209,1.219,548689502.0,668.85,1.72,-0.08,-0.001,0.0,159995,芯片ETF,2025-09-06 17:14:18,,,,,,,,,,,,,,,,,,,,,,,,
2025-01-17,1.184,1.235,1.183,1.22,754640709.0,920.66,4.35,2.09,0.025,0.0,159995,芯片ETF,2025-09-06 17:14:18,,,,,,,,,,,,,,,,,,,,,,,,
2025-01-16,1.232,1.245,1.188,1.195,798424800.0,954.12,4.65,-2.45,-0.03,0.0,159995,芯片ETF,2025-09-06 17:14:18,,,,,,,,,,,,,,,,,,,,,,,,
2025-01-15,1.223,1.244,1.214,1.225,522506200.0,640.07,2.44,-0.33,-0.004,0.0,159995,芯片ETF,2025-09-06 17:14:18,,,,,,,,,,,,,,,,,,,,,,,,
2025-01-14,1.195,1.231,1.173,1.229,712674550.0,875.88,4.89,3.63,0.043,0.0,159995,芯片ETF,2025-09-06 17:14:18,,,,,,,,,,,,,,,,,,,,,,,,
2025-01-13,1.18,1.191,1.171,1.186,563167511.0,667.92,1.67,-0.75,-0.009,0.0,159995,芯片ETF,2025-09-06 17:14:18,,,,,,,,,,,,,,,,,,,,,,,,
2025-01-10,1.195,1.236,1.194,1.195,811416955.0,969.64,3.51,-0.25,-0.003,0.0,159995,芯片ETF,2025-09-06 17:14:18,,,,,,,,,,,,,,,,,,,,,,,,
2025-01-09,1.19,1.212,1.186,1.198,467421505.0,559.97,2.18,0.25,0.003,0.0,159995,芯片ETF,2025-09-06 17:14:18,,,,,,,,,,,,,,,,,,,,,,,,
2025-01-08,1.181,1.21,1.156,1.195,730694200.0,873.18,4.53,0.17,0.002,0.0,159995,芯片ETF,2025-09-06 17:14:18,,,,,,,,,,,,,,,,,,,,,,,,
2025-01-07,1.144,1.193,1.141,1.193,739813406.0,882.6,4.56,4.56,0.052,0.0,159995,芯片ETF,2025-09-06 17:14:18,,,,,,,,,,,,,,,,,,,,,,,,
2025-01-06,1.145,1.162,1.132,1.141,521045065.0,594.51,2.62,-0.52,-0.006,0.0,159995,芯片ETF,2025-09-06 17:14:18,,,,,,,,,,,,,,,,,,,,,,,,
2025-01-03,1.171,1.176,1.145,1.147,695131924.0,797.32,2.65,-1.97,-0.023,0.0,159995,芯片ETF,2025-09-06 17:14:18,,,,,,,,,,,,,,,,,,,,,,,,
2025-01-02,1.22,1.224,1.156,1.17,842302100.0,985.49,5.55,-4.57,-0.056,0.0,159995,芯片ETF,2025-09-06 17:14:18,,,,,,,,,,,,,,,,,,,,,,,,
2024-12-31,1.276,1.28,1.226,1.226,602357280.0,738.49,4.23,-3.92,-0.05,0.0,159995,芯片ETF,2025-09-06 17:14:18,,,,,,,,,,,,,,,,,,,,,,,,
2024-12-30,1.269,1.294,1.262,1.276,661433877.0,843.99,2.52,0.39,0.005,0.0,159995,芯片ETF,2025-09-06 17:14:18,,,,,,,,,,,,,,,,,,,,,,,,
2024-12-27,1.28,1.305,1.267,1.271,882091117.0,1121.14,2.97,-0.78,-0.01,0.0,159995,芯片ETF,2025-09-06 17:14:18,,,,,,,,,,,,,,,,,,,,,,,,
2024-12-26,1.257,1.285,1.251,1.281,720796910.0,923.34,2.7,1.59,0.02,0.0,159995,芯片ETF,2025-09-06 17:14:18,,,,,,,,,,,,,,,,,,,,,,,,
2024-12-25,1.257,1.278,1.253,1.261,680573511.0,858.2,1.99,0.48,0.006,0.0,159995,芯片ETF,2025-09-06 17:14:18,,,,,,,,,,,,,,,,,,,,,,,,
2024-12-24,1.245,1.258,1.217,1.255,704203609.0,883.78,3.31,1.29,0.016,0.0,159995,芯片ETF,2025-09-06 17:14:18,,,,,,,,,,,,,,,,,,,,,,,,
2024-12-23,1.257,1.279,1.237,1.239,1260962424.0,1562.33,3.35,-1.12,-0.014,0.0,159995,芯片ETF,2025-09-06 17:14:18,,,,,,,,,,,,,,,,,,,,,,,,
2024-12-20,1.212,1.276,1.21,1.253,1225329167.0,1535.34,5.42,2.87,0.035,0.0,159995,芯片ETF,2025-09-06 17:14:18,,,,,,,,,,,,,,,,,,,,,,,,
2024-12-19,1.176,1.228,1.174,1.218,859406309.0,1046.76,4.53,2.18,0.026,0.0,159995,芯片ETF,2025-09-06 17:14:18,,,,,,,,,,,,,,,,,,,,,,,,
2024-12-18,1.162,1.195,1.159,1.192,772136425.0,920.39,3.1,2.76,0.032,0.0,159995,芯片ETF,2025-09-06 17:14:18,,,,,,,,,,,,,,,,,,,,,,,,
2024-12-17,1.165,1.174,1.156,1.16,443064910.0,513.96,1.54,-0.6,-0.007,0.0,159995,芯片ETF,2025-09-06 17:14:18,,,,,,,,,,,,,,,,,,,,,,,,
2024-12-16,1.182,1.19,1.162,1.167,531843183.0,620.66,2.36,-1.52,-0.018,0.0,159995,芯片ETF,2025-09-06 17:14:18,,,,,,,,,,,,,,,,,,,,,,,,
2024-12-13,1.196,1.204,1.182,1.185,876527320.0,1038.68,1.83,-1.58,-0.019,0.0,159995,芯片ETF,2025-09-06 17:14:18,,,,,,,,,,,,,,,,,,,,,,,,
2024-12-12,1.192,1.204,1.185,1.204,540667801.0,650.96,1.59,0.92,0.011,0.0,159995,芯片ETF,2025-09-06 17:14:18,,,,,,,,,,,,,,,,,,,,,,,,
2024-12-11,1.198,1.206,1.188,1.193,597138149.0,712.39,1.5,-0.67,-0.008,0.0,159995,芯片ETF,2025-09-06 17:14:18,,,,,,,,,,,,,,,,,,,,,,,,
2024-12-10,1.246,1.25,1.198,1.201,853970809.0,1025.62,4.36,0.67,0.008,0.0,159995,芯片ETF,2025-09-06 17:14:18,,,,,,,,,,,,,,,,,,,,,,,,
2024-12-09,1.212,1.214,1.185,1.193,580420400.0,692.44,2.39,-1.73,-0.021,0.0,159995,芯片ETF,2025-09-06 17:14:18,,,,,,,,,,,,,,,,,,,,,,,,
2024-12-06,1.202,1.226,1.191,1.214,624170922.0,757.74,2.92,1.25,0.015,0.0,159995,芯片ETF,2025-09-06 17:14:18,,,,,,,,,,,,,,,,,,,,,,,,
2024-12-05,1.194,1.206,1.191,1.199,453483500.0,543.73,1.25,-0.33,-0.004,0.0,159995,芯片ETF,2025-09-06 17:14:18,,,,,,,,,,,,,,,,,,,,,,,,
2024-12-04,1.228,1.24,1.2,1.203,901823330.0,1084.89,3.33,0.17,0.002,0.0,159995,芯片ETF,2025-09-06 17:14:18,,,,,,,,,,,,,,,,,,,,,,,,
2024-12-03,1.221,1.227,1.19,1.201,758835900.0,911.36,3.04,-1.48,-0.018,0.0,159995,芯片ETF,2025-09-06 17:14:18,,,,,,,,,,,,,,,,,,,,,,,,
2024-12-02,1.212,1.23,1.202,1.219,793827408.0,967.68,2.31,0.49,0.006,0.0,159995,芯片ETF,2025-09-06 17:14:18,,,,,,,,,,,,,,,,,,,,,,,,
2024-11-29,1.186,1.236,1.175,1.213,760092211.0,921.99,5.13,2.1,0.025,0.0,159995,芯片ETF,2025-09-06 17:14:18,,,,,,,,,,,,,,,,,,,,,,,,
2024-11-28,1.192,1.217,1.184,1.188,614145200.0,729.6,2.77,-0.34,-0.004,0.0,159995,芯片ETF,2025-09-06 17:14:18,,,,,,,,,,,,,,,,,,,,,,,,
2024-11-27,1.149,1.193,1.135,1.192,1012146369.0,1206.48,5.03,3.47,0.04,0.0,159995,芯片ETF,2025-09-06 17:14:18,,,,,,,,,,,,,,,,,,,,,,,,
2024-11-26,1.156,1.172,1.15,1.152,602935700.0,694.58,1.89,-0.78,-0.009,0.0,159995,芯片ETF,2025-09-06 17:14:18,,,,,,,,,,,,,,,,,,,,,,,,
2024-11-25,1.18,1.187,1.138,1.161,758176480.0,880.24,4.15,-1.61,-0.019,0.0,159995,芯片ETF,2025-09-06 17:14:18,,,,,,,,,,,,,,,,,,,,,,,,
2024-11-22,1.233,1.248,1.179,1.18,818689212.0,966.05,5.59,-4.45,-0.055,0.0,159995,芯片ETF,2025-09-06 17:14:18,,,,,,,,,,,,,,,,,,,,,,,,
2024-11-21,1.222,1.252,1.221,1.235,950493500.0,1173.86,2.53,0.65,0.008,0.0,159995,芯片ETF,2025-09-06 17:14:18,,,,,,,,,,,,,,,,,,,,,,,,
2024-11-20,1.229,1.236,1.211,1.227,826431006.0,1014.03,2.03,-0.41,-0.005,0.0,159995,芯片ETF,2025-09-06 17:14:18,,,,,,,,,,,,,,,,,,,,,,,,
2024-11-19,1.198,1.234,1.18,1.232,987716624.0,1216.87,4.53,3.36,0.04,0.0,159995,芯片ETF,2025-09-06 17:14:18,,,,,,,,,,,,,,,,,,,,,,,,
2024-11-18,1.219,1.238,1.184,1.192,912547480.0,1087.76,4.42,-2.38,-0.029,0.0,159995,芯片ETF,2025-09-06 17:14:18,,,,,,,,,,,,,,,,,,,,,,,,
2024-11-15,1.276,1.28,1.218,1.221,980390500.0,1197.06,4.86,-4.39,-0.056,0.0,159995,芯片ETF,2025-09-06 17:14:18,,,,,,,,,,,,,,,,,,,,,,,,
2024-11-14,1.316,1.324,1.27,1.277,903012336.0,1153.15,4.08,-3.48,-0.046,0.0,159995,芯片ETF,2025-09-06 17:14:18,,,,,,,,,,,,,,,,,,,,,,,,
2024-11-13,1.307,1.327,1.293,1.323,1041660502.0,1378.12,2.58,0.3,0.004,0.0,159995,芯片ETF,2025-09-06 17:14:18,,,,,,,,,,,,,,,,,,,,,,,,
2024-11-12,1.359,1.359,1.302,1.319,1635742479.0,2157.54,4.21,-2.66,-0.036,0.0,159995,芯片ETF,2025-09-06 17:14:18,,,,,,,,,,,,,,,,,,,,,,,,
2024-11-11,1.288,1.356,1.282,1.355,1726383696.0,2339.25,5.81,6.36,0.081,0.0,159995,芯片ETF,2025-09-06 17:14:18,,,,,,,,,,,,,,,,,,,,,,,,
2024-11-08,1.306,1.338,1.271,1.274,1385189268.0,1764.73,5.26,0.08,0.001,0.0,159995,芯片ETF,2025-09-06 17:14:18,,,,,,,,,,,,,,,,,,,,,,,,
2024-11-07,1.225,1.288,1.22,1.273,1435203105.0,1827.01,5.52,3.24,0.04,0.0,159995,芯片ETF,2025-09-06 17:14:18,,,,,,,,,,,,,,,,,,,,,,,,
2024-11-06,1.232,1.257,1.209,1.233,1417293069.0,1747.52,3.93,1.07,0.013,0.0,159995,芯片ETF,2025-09-06 17:14:18,,,,,,,,,,,,,,,,,,,,,,,,
2024-11-05,1.162,1.225,1.158,1.22,1329364814.0,1621.83,5.77,4.99,0.058,0.0,159995,芯片ETF,2025-09-06 17:14:18,,,,,,,,,,,,,,,,,,,,,,,,
2024-11-04,1.143,1.166,1.14,1.162,602729300.0,700.37,2.27,1.66,0.019,0.0,159995,芯片ETF,2025-09-06 17:14:18,,,,,,,,,,,,,,,,,,,,,,,,
2024-11-01,1.18,1.184,1.142,1.143,0.0,0.0,3.54,-3.63,-0.043,0.0,159995,芯片ETF,2025-09-06 17:14:18,,,,,,,,,,,,,,,,,,,,,,,,
2024-10-31,1.161,1.204,1.147,1.186,1636143696.0,1940.47,4.91,2.15,0.025,0.0,159995,芯片ETF,2025-09-06 17:14:18,,,,,,,,,,,,,,,,,,,,,,,,
2024-10-30,1.17,1.184,1.146,1.161,1307647270.0,1518.18,3.22,-1.53,-0.018,0.0,159995,芯片ETF,2025-09-06 17:14:18,,,,,,,,,,,,,,,,,,,,,,,,
2024-10-29,1.18,1.22,1.176,1.179,1206586720.0,1422.57,3.73,0.0,0.0,0.0,159995,芯片ETF,2025-09-06 17:14:18,,,,,,,,,,,,,,,,,,,,,,,,
2024-10-28,1.18,1.182,1.164,1.179,682931966.0,805.18,1.53,0.0,0.0,0.0,159995,芯片ETF,2025-09-06 17:14:18,,,,,,,,,,,,,,,,,,,,,,,,
2024-10-25,1.175,1.207,1.161,1.179,1042431888.0,1229.03,3.93,0.68,0.008,0.0,159995,芯片ETF,2025-09-06 17:14:18,,,,,,,,,,,,,,,,,,,,,,,,
2024-10-24,1.162,1.187,1.158,1.171,999966053.0,1170.96,2.47,-0.17,-0.002,0.0,159995,芯片ETF,2025-09-06 17:14:18,,,,,,,,,,,,,,,,,,,,,,,,
2024-10-23,1.176,1.198,1.168,1.173,1174113676.0,1377.24,2.52,-1.43,-0.017,0.0,159995,芯片ETF,2025-09-06 17:14:18,,,,,,,,,,,,,,,,,,,,,,,,
2024-10-22,1.188,1.224,1.171,1.19,2051887182.0,2441.75,4.39,-1.49,-0.018,0.0,159995,芯片ETF,2025-09-06 17:14:18,,,,,,,,,,,,,,,,,,,,,,,,
2024-10-21,1.204,1.273,1.182,1.208,3153000393.0,3808.82,7.87,4.41,0.051,0.0,159995,芯片ETF,2025-09-06 17:14:18,,,,,,,,,,,,,,,,,,,,,,,,
2024-10-18,1.051,1.157,1.048,1.157,1706871607.0,1974.85,10.36,9.98,0.105,0.0,159995,芯片ETF,2025-09-06 17:14:18,,,,,,,,,,,,,,,,,,,,,,,,
2024-10-17,1.074,1.08,1.049,1.052,905671827.0,952.77,2.96,0.38,0.004,0.0,159995,芯片ETF,2025-09-06 17:14:18,,,,,,,,,,,,,,,,,,,,,,,,
2024-10-16,1.039,1.07,1.034,1.048,1049923868.0,1100.32,3.35,-2.6,-0.028,0.0,159995,芯片ETF,2025-09-06 17:14:18,,,,,,,,,,,,,,,,,,,,,,,,
2024-10-15,1.092,1.128,1.074,1.076,1213706491.0,1305.95,4.93,-1.74,-0.019,0.0,159995,芯片ETF,2025-09-06 17:14:18,,,,,,,,,,,,,,,,,,,,,,,,
2024-10-14,1.056,1.099,1.028,1.095,1473777125.0,1613.79,6.72,3.69,0.039,0.0,159995,芯片ETF,2025-09-06 17:14:18,,,,,,,,,,,,,,,,,,,,,,,,
2024-10-11,1.099,1.118,1.043,1.056,1585700329.0,1674.5,6.64,-6.55,-0.074,0.0,159995,芯片ETF,2025-09-06 17:14:18,,,,,,,,,,,,,,,,,,,,,,,,
2024-10-10,1.2,1.218,1.1,1.13,2287998171.0,2585.44,10.03,-3.91,-0.046,0.0,159995,芯片ETF,2025-09-06 17:14:18,,,,,,,,,,,,,,,,,,,,,,,,
2024-10-09,1.175,1.176,1.079,1.176,4777626725.0,5618.49,9.07,10.01,0.107,0.0,159995,芯片ETF,2025-09-06 17:14:18,,,,,,,,,,,,,,,,,,,,,,,,
2024-10-08,1.069,1.069,1.069,1.069,502055872.0,536.7,0.0,9.98,0.097,0.0,159995,芯片ETF,2025-09-06 17:14:18,,,,,,,,,,,,,,,,,,,,,,,,
2024-09-30,0.925,0.972,0.912,0.972,1413304191.0,1373.73,6.79,9.95,0.088,0.0,159995,芯片ETF,2025-09-06 17:14:18,,,,,,,,,,,,,,,,,,,,,,,,
2024-09-27,0.826,0.888,0.826,0.884,1228636099.0,1086.11,7.6,8.33,0.068,0.0,159995,芯片ETF,2025-09-06 17:14:18,,,,,,,,,,,,,,,,,,,,,,,,
2024-09-26,0.78,0.816,0.776,0.816,765969263.0,625.03,5.12,4.35,0.034,0.0,159995,芯片ETF,2025-09-06 17:14:18,,,,,,,,,,,,,,,,,,,,,,,,
2024-09-25,0.784,0.802,0.779,0.782,734333404.0,574.25,2.97,0.9,0.007,0.0,159995,芯片ETF,2025-09-06 17:14:18,,,,,,,,,,,,,,,,,,,,,,,,
2024-09-24,0.752,0.775,0.742,0.775,644471000.0,499.47,4.42,3.75,0.028,0.0,159995,芯片ETF,2025-09-06 17:14:18,,,,,,,,,,,,,,,,,,,,,,,,
2024-09-23,0.755,0.762,0.747,0.747,303354924.0,226.61,1.99,-1.06,-0.008,0.0,159995,芯片ETF,2025-09-06 17:14:18,,,,,,,,,,,,,,,,,,,,,,,,
2024-09-20,0.762,0.764,0.747,0.755,345707291.0,261.01,2.23,-0.79,-0.006,0.0,159995,芯片ETF,2025-09-06 17:14:18,,,,,,,,,,,,,,,,,,,,,,,,
2024-09-19,0.756,0.768,0.747,0.761,366604706.0,278.99,2.8,1.33,0.01,0.0,159995,芯片ETF,2025-09-06 17:14:18,,,,,,,,,,,,,,,,,,,,,,,,
2024-09-18,0.761,0.763,0.746,0.751,266652009.0,200.26,2.24,-1.05,-0.008,0.0,159995,芯片ETF,2025-09-06 17:14:18,,,,,,,,,,,,,,,,,,,,,,,,
2024-09-13,0.768,0.774,0.758,0.759,284140206.0,215.66,2.08,-1.17,-0.009,0.0,159995,芯片ETF,2025-09-06 17:14:18,,,,,,,,,,,,,,,,,,,,,,,,
2024-09-12,0.783,0.786,0.768,0.768,313174836.0,240.52,2.31,-1.41,-0.011,0.0,159995,芯片ETF,2025-09-06 17:14:18,,,,,,,,,,,,,,,,,,,,,,,,
2024-09-11,0.778,0.781,0.774,0.779,245871300.0,191.53,0.9,-0.26,-0.002,0.0,159995,芯片ETF,2025-09-06 17:14:18,,,,,,,,,,,,,,,,,,,,,,,,
2024-09-10,0.775,0.785,0.765,0.781,362591006.0,283.18,2.58,0.9,0.007,0.0,159995,芯片ETF,2025-09-06 17:14:18,,,,,,,,,,,,,,,,,,,,,,,,
2024-09-09,0.773,0.785,0.77,0.774,277039198.0,214.43,1.93,-0.39,-0.003,0.0,159995,芯片ETF,2025-09-06 17:14:18,,,,,,,,,,,,,,,,,,,,,,,,
2024-09-06,0.791,0.791,0.777,0.777,293898798.0,228.36,0.0,0.0,0.0,0.0,159995,芯片ETF,2025-09-06 17:14:18,,,,,,,,,,,,,,,,,,,,,,,,
