日期,开盘,最高,最低,收盘,成交量,成交额,振幅,涨跌幅,涨跌额,换手率,ETF代码,ETF名称,爬取时间,折溢价率,IOPV,前收盘,量比,委比,外盘,内盘,主力净流入-净额,主力净流入-净占比,超大单净流入-净额,超大单净流入-净占比,大单净流入-净额,大单净流入-净占比,中单净流入-净额,中单净流入-净占比,小单净流入-净额,小单净流入-净占比,现手,买一,卖一,最新份额,流通市值,总市值,更新时间
2025-09-22,1.455,1.466,1.435,1.466,1260522394.0,18479258.3,2.13,0.76,0.011,,159949,创业板50ETF,2025-09-22 21:52:51,,,,,,,,,,,,,,,,,,,,,,,,
2025-09-19,1.455,1.474,1.445,1.455,1709460070.0,24872644.02,1.99,0.0,0.0,,159949,创业板50ETF,2025-09-19 18:14:22,,,,,,,,,,,,,,,,,,,,,,,,
2025-09-18,1.469,1.493,1.433,1.455,3151304239.0,45851476.68,4.05,-1.69,-0.025,,159949,创业板50ETF,2025-09-19 18:14:22,,,,,,,,,,,,,,,,,,,,,,,,
2025-09-17,1.449,1.485,1.439,1.48,1908251710.0,28242125.31,3.17,2.14,0.031,,159949,创业板50ETF,2025-09-19 18:14:22,,,,,,,,,,,,,,,,,,,,,,,,
2025-09-16,1.44,1.453,1.418,1.453,1804487711.0,26219206.44,2.43,0.9,0.013,,159949,创业板50ETF,2025-09-18 22:22:51,,,,,,,,,,,,,,,,,,,,,,,,
2025-09-12,1.42,1.434,1.409,1.414,165092.84,2345707511.85,1.75,-1.26,-0.018,9.54,159949,创业板50ETF,2025-09-12 22:21:36,0.09,1.4153,1.432,0.66,-6.28,7853226.0,8656057.0,-250682624.0,-10.69,-322209424.0,-13.74,71526800.0,3.05,162193883.0,6.91,88488747.0,3.77,212553.0,1.413,1.414,17301785088.0,24464724114.0,24464724114.0,2025-09-12 15:34:51+08:00
2025-09-11,1.359,1.432,1.352,1.432,2592424435.0,37123517.91,0.0,0.0,0.0,0.0,159949,创业板50ETF,2025-09-11 22:22:15,0.0,,,,,,,,,,,,,,,,,,,,,,,
2025-09-10,1.343,1.367,1.332,1.351,1934054354.0,26129074.32,0.0,0.0,0.0,0.0,159949,创业板50ETF,2025-09-10 22:21:27,0.0,,,,,,,,,,,,,,,,,,,,,,,
2025-09-09,1.349,1.365,1.323,1.336,2175555680.0,29065423.88,0.0,0.0,0.0,0.0,159949,创业板50ETF,2025-09-09 18:27:56,,,,,,,,,,,,,,,,,,,,,,,,
2025-09-08,1.4,1.4,1.343,1.365,2621235449.0,35779863.88,0.0,0.0,0.0,0.0,159949,创业板50ETF,2025-09-08 18:27:51,,,,,,,,,,,,,,,,,,,,,,,,
2025-09-05,1.292,1.395,1.292,1.394,3129157287.0,4362.05,7.99,8.15,0.105,0.0,159949,创业板50ETF,2025-09-06 17:14:18,,,,,,,,,,,,,,,,,,,,,,,,
2025-09-04,1.372,1.388,1.276,1.289,4683627274.0,6037.2,8.27,-4.8,-0.065,0.0,159949,创业板50ETF,2025-09-06 17:14:18,,,,,,,,,,,,,,,,,,,,,,,,
2025-09-03,1.341,1.37,1.334,1.354,2808300073.0,3802.44,2.69,1.35,0.018,0.0,159949,创业板50ETF,2025-09-06 17:14:18,,,,,,,,,,,,,,,,,,,,,,,,
2025-09-02,1.374,1.391,1.32,1.336,3629886124.0,4849.53,5.17,-2.77,-0.038,0.0,159949,创业板50ETF,2025-09-06 17:14:18,,,,,,,,,,,,,,,,,,,,,,,,
2025-09-01,1.351,1.379,1.339,1.374,1953473818.0,2684.07,2.98,2.38,0.032,0.0,159949,创业板50ETF,2025-09-06 17:14:18,,,,,,,,,,,,,,,,,,,,,,,,
2025-08-29,1.304,1.366,1.295,1.342,2360260831.0,3167.47,5.42,2.52,0.033,0.0,159949,创业板50ETF,2025-09-06 17:14:18,,,,,,,,,,,,,,,,,,,,,,,,
2025-08-28,1.241,1.309,1.241,1.309,2704056309.0,3539.61,5.44,4.72,0.059,0.0,159949,创业板50ETF,2025-09-06 17:14:18,,,,,,,,,,,,,,,,,,,,,,,,
2025-08-27,1.257,1.298,1.25,1.25,3306222130.0,4132.78,3.82,-0.64,-0.008,0.0,159949,创业板50ETF,2025-09-06 17:14:18,,,,,,,,,,,,,,,,,,,,,,,,
2025-08-26,1.261,1.273,1.25,1.258,1792631539.0,2255.13,1.82,-0.63,-0.008,0.0,159949,创业板50ETF,2025-09-06 17:14:18,,,,,,,,,,,,,,,,,,,,,,,,
2025-08-25,1.245,1.278,1.235,1.266,2509398864.0,3176.9,3.49,2.76,0.034,0.0,159949,创业板50ETF,2025-09-06 17:14:18,,,,,,,,,,,,,,,,,,,,,,,,
2025-08-22,1.183,1.232,1.181,1.232,1678136613.0,2067.46,4.3,3.88,0.046,0.0,159949,创业板50ETF,2025-09-06 17:14:18,,,,,,,,,,,,,,,,,,,,,,,,
2025-08-21,1.195,1.201,1.178,1.186,1565486031.0,1856.67,1.92,-0.75,-0.009,0.0,159949,创业板50ETF,2025-09-06 17:14:18,,,,,,,,,,,,,,,,,,,,,,,,
2025-08-20,1.179,1.195,1.163,1.195,1721688383.0,2057.42,2.69,0.42,0.005,0.0,159949,创业板50ETF,2025-09-06 17:14:18,,,,,,,,,,,,,,,,,,,,,,,,
2025-08-19,1.187,1.206,1.183,1.19,1381933764.0,1644.5,1.93,0.08,0.001,0.0,159949,创业板50ETF,2025-09-06 17:14:18,,,,,,,,,,,,,,,,,,,,,,,,
2025-08-18,1.161,1.206,1.151,1.189,2715554212.0,3228.79,4.75,2.77,0.032,0.0,159949,创业板50ETF,2025-09-06 17:14:18,,,,,,,,,,,,,,,,,,,,,,,,
2025-08-15,1.12,1.16,1.12,1.157,1508609200.0,1745.46,3.55,2.75,0.031,0.0,159949,创业板50ETF,2025-09-06 17:14:18,,,,,,,,,,,,,,,,,,,,,,,,
2025-08-14,1.134,1.145,1.122,1.126,1313031816.0,1478.47,2.03,-0.62,-0.007,0.0,159949,创业板50ETF,2025-09-06 17:14:18,,,,,,,,,,,,,,,,,,,,,,,,
2025-08-13,1.095,1.138,1.093,1.133,1869326146.0,2117.95,4.13,3.94,0.043,0.0,159949,创业板50ETF,2025-09-06 17:14:18,,,,,,,,,,,,,,,,,,,,,,,,
2025-08-12,1.076,1.09,1.067,1.09,868118686.0,946.25,2.14,1.4,0.015,0.0,159949,创业板50ETF,2025-09-06 17:14:18,,,,,,,,,,,,,,,,,,,,,,,,
2025-08-11,1.052,1.077,1.051,1.075,987078018.0,1061.11,2.47,2.19,0.023,0.0,159949,创业板50ETF,2025-09-06 17:14:18,,,,,,,,,,,,,,,,,,,,,,,,
2025-08-08,1.053,1.062,1.05,1.052,521478302.0,548.6,1.14,-0.19,-0.002,0.0,159949,创业板50ETF,2025-09-06 17:14:18,,,,,,,,,,,,,,,,,,,,,,,,
2025-08-07,1.063,1.071,1.045,1.054,1046305945.0,1102.81,2.45,-0.85,-0.009,0.0,159949,创业板50ETF,2025-09-06 17:14:18,,,,,,,,,,,,,,,,,,,,,,,,
2025-08-06,1.052,1.065,1.051,1.063,830905198.0,883.25,1.32,0.57,0.006,0.0,159949,创业板50ETF,2025-09-06 17:14:18,,,,,,,,,,,,,,,,,,,,,,,,
2025-08-05,1.059,1.061,1.045,1.057,940960941.0,994.6,1.52,0.48,0.005,0.0,159949,创业板50ETF,2025-09-06 17:14:18,,,,,,,,,,,,,,,,,,,,,,,,
2025-08-04,1.04,1.053,1.038,1.052,654768900.0,688.82,1.43,0.48,0.005,0.0,159949,创业板50ETF,2025-09-06 17:14:18,,,,,,,,,,,,,,,,,,,,,,,,
2025-08-01,1.047,1.06,1.039,1.047,966042931.0,1011.45,2.0,-0.29,-0.003,0.0,159949,创业板50ETF,2025-09-06 17:14:18,,,,,,,,,,,,,,,,,,,,,,,,
2025-07-31,1.076,1.084,1.047,1.05,1494793152.0,1569.53,3.45,-2.23,-0.024,0.0,159949,创业板50ETF,2025-09-06 17:14:18,,,,,,,,,,,,,,,,,,,,,,,,
2025-07-30,1.088,1.088,1.062,1.074,1348050939.0,1447.81,2.39,-1.47,-0.016,0.0,159949,创业板50ETF,2025-09-06 17:14:18,,,,,,,,,,,,,,,,,,,,,,,,
2025-07-29,1.067,1.091,1.065,1.09,1175143193.0,1280.91,2.43,1.96,0.021,0.0,159949,创业板50ETF,2025-09-06 17:14:18,,,,,,,,,,,,,,,,,,,,,,,,
2025-07-28,1.056,1.07,1.052,1.069,825773813.0,882.75,1.71,1.33,0.014,0.0,159949,创业板50ETF,2025-09-06 17:14:18,,,,,,,,,,,,,,,,,,,,,,,,
2025-07-25,1.06,1.06,1.05,1.055,790077735.0,833.53,0.95,-0.28,-0.003,0.0,159949,创业板50ETF,2025-09-06 17:14:18,,,,,,,,,,,,,,,,,,,,,,,,
2025-07-24,1.047,1.058,1.046,1.058,714332735.0,755.76,1.15,1.44,0.015,0.0,159949,创业板50ETF,2025-09-06 17:14:18,,,,,,,,,,,,,,,,,,,,,,,,
2025-07-23,1.044,1.054,1.04,1.043,972925903.0,1014.76,1.34,0.0,0.0,0.0,159949,创业板50ETF,2025-09-06 17:14:18,,,,,,,,,,,,,,,,,,,,,,,,
2025-07-22,1.037,1.046,1.034,1.043,795055797.0,829.24,1.16,0.48,0.005,0.0,159949,创业板50ETF,2025-09-06 17:14:18,,,,,,,,,,,,,,,,,,,,,,,,
2025-07-21,1.03,1.039,1.026,1.038,733480207.0,761.35,1.26,0.78,0.008,0.0,159949,创业板50ETF,2025-09-06 17:14:18,,,,,,,,,,,,,,,,,,,,,,,,
2025-07-18,1.031,1.04,1.023,1.03,745500305.0,767.87,1.66,0.39,0.004,0.0,159949,创业板50ETF,2025-09-06 17:14:18,,,,,,,,,,,,,,,,,,,,,,,,
2025-07-17,1.004,1.027,1.003,1.026,1052301405.0,1079.66,2.39,1.99,0.02,0.0,159949,创业板50ETF,2025-09-06 17:14:18,,,,,,,,,,,,,,,,,,,,,,,,
2025-07-16,1.011,1.02,1.004,1.006,751286043.0,755.79,1.58,-0.4,-0.004,0.0,159949,创业板50ETF,2025-09-06 17:14:18,,,,,,,,,,,,,,,,,,,,,,,,
2025-07-15,0.994,1.015,0.994,1.01,1435657220.0,1450.01,2.12,2.12,0.021,0.0,159949,创业板50ETF,2025-09-06 17:14:18,,,,,,,,,,,,,,,,,,,,,,,,
2025-07-14,0.991,0.994,0.984,0.989,654160300.0,646.96,1.01,-0.4,-0.004,0.0,159949,创业板50ETF,2025-09-06 17:14:18,,,,,,,,,,,,,,,,,,,,,,,,
2025-07-11,0.984,1.003,0.982,0.993,964281500.0,957.53,2.13,0.61,0.006,0.0,159949,创业板50ETF,2025-09-06 17:14:18,,,,,,,,,,,,,,,,,,,,,,,,
2025-07-10,0.986,0.992,0.978,0.987,796485976.0,786.13,1.42,0.41,0.004,0.0,159949,创业板50ETF,2025-09-06 17:14:18,,,,,,,,,,,,,,,,,,,,,,,,
2025-07-09,0.978,0.993,0.978,0.983,950561409.0,934.4,1.53,0.41,0.004,0.0,159949,创业板50ETF,2025-09-06 17:14:18,,,,,,,,,,,,,,,,,,,,,,,,
2025-07-08,0.955,0.981,0.954,0.979,1001426000.0,980.4,2.82,2.41,0.023,0.0,159949,创业板50ETF,2025-09-06 17:14:18,,,,,,,,,,,,,,,,,,,,,,,,
2025-07-07,0.965,0.97,0.953,0.956,771705300.0,737.75,1.76,-1.24,-0.012,0.0,159949,创业板50ETF,2025-09-06 17:14:18,,,,,,,,,,,,,,,,,,,,,,,,
2025-07-04,0.971,0.984,0.967,0.968,935786707.0,905.84,1.75,-0.21,-0.002,0.0,159949,创业板50ETF,2025-09-06 17:14:18,,,,,,,,,,,,,,,,,,,,,,,,
2025-07-03,0.953,0.974,0.952,0.97,1222237212.0,1185.57,2.32,2.21,0.021,0.0,159949,创业板50ETF,2025-09-06 17:14:18,,,,,,,,,,,,,,,,,,,,,,,,
2025-07-02,0.957,0.959,0.947,0.949,531084121.0,504.0,1.25,-1.25,-0.012,0.0,159949,创业板50ETF,2025-09-06 17:14:18,,,,,,,,,,,,,,,,,,,,,,,,
2025-07-01,0.963,0.963,0.955,0.961,664782040.0,638.86,0.83,-0.41,-0.004,0.0,159949,创业板50ETF,2025-09-06 17:14:18,,,,,,,,,,,,,,,,,,,,,,,,
2025-06-30,0.953,0.965,0.953,0.965,754473621.0,728.07,1.26,1.47,0.014,0.0,159949,创业板50ETF,2025-09-06 17:14:18,,,,,,,,,,,,,,,,,,,,,,,,
2025-06-27,0.95,0.961,0.945,0.951,872215800.0,829.48,1.69,0.53,0.005,0.0,159949,创业板50ETF,2025-09-06 17:14:18,,,,,,,,,,,,,,,,,,,,,,,,
2025-06-26,0.954,0.96,0.945,0.946,862315879.0,815.75,1.57,-0.73,-0.007,0.0,159949,创业板50ETF,2025-09-06 17:14:18,,,,,,,,,,,,,,,,,,,,,,,,
2025-06-25,0.923,0.956,0.922,0.953,1684427479.0,1605.26,3.7,3.7,0.034,0.0,159949,创业板50ETF,2025-09-06 17:14:18,,,,,,,,,,,,,,,,,,,,,,,,
2025-06-24,0.903,0.921,0.901,0.919,1116673700.0,1026.22,2.23,2.34,0.021,0.0,159949,创业板50ETF,2025-09-06 17:14:18,,,,,,,,,,,,,,,,,,,,,,,,
2025-06-23,0.89,0.9,0.888,0.898,513052687.0,460.72,1.34,0.34,0.003,0.0,159949,创业板50ETF,2025-09-06 17:14:18,,,,,,,,,,,,,,,,,,,,,,,,
2025-06-20,0.902,0.908,0.894,0.895,454238587.0,406.54,1.55,-0.78,-0.007,0.0,159949,创业板50ETF,2025-09-06 17:14:18,,,,,,,,,,,,,,,,,,,,,,,,
2025-06-19,0.913,0.917,0.9,0.902,726590687.0,655.38,1.85,-1.64,-0.015,0.0,159949,创业板50ETF,2025-09-06 17:14:18,,,,,,,,,,,,,,,,,,,,,,,,
2025-06-18,0.912,0.918,0.907,0.917,460662728.0,422.43,1.21,0.55,0.005,0.0,159949,创业板50ETF,2025-09-06 17:14:18,,,,,,,,,,,,,,,,,,,,,,,,
2025-06-17,0.918,0.919,0.909,0.912,422491357.0,385.31,1.09,-0.33,-0.003,0.0,159949,创业板50ETF,2025-09-06 17:14:18,,,,,,,,,,,,,,,,,,,,,,,,
2025-06-16,0.904,0.918,0.904,0.915,567358015.0,519.13,1.55,0.99,0.009,0.0,159949,创业板50ETF,2025-09-06 17:14:18,,,,,,,,,,,,,,,,,,,,,,,,
2025-06-13,0.911,0.915,0.903,0.906,643219115.0,582.76,1.31,-0.88,-0.008,0.0,159949,创业板50ETF,2025-09-06 17:14:18,,,,,,,,,,,,,,,,,,,,,,,,
2025-06-12,0.909,0.92,0.906,0.914,595951100.0,544.7,1.54,0.22,0.002,0.0,159949,创业板50ETF,2025-09-06 17:14:18,,,,,,,,,,,,,,,,,,,,,,,,
2025-06-11,0.901,0.919,0.9,0.912,818844469.0,746.79,2.12,1.56,0.014,0.0,159949,创业板50ETF,2025-09-06 17:14:18,,,,,,,,,,,,,,,,,,,,,,,,
2025-06-10,0.909,0.912,0.893,0.898,707552500.0,635.38,2.09,-1.43,-0.013,0.0,159949,创业板50ETF,2025-09-06 17:14:18,,,,,,,,,,,,,,,,,,,,,,,,
2025-06-09,0.903,0.917,0.903,0.911,638814169.0,581.96,1.55,1.0,0.009,0.0,159949,创业板50ETF,2025-09-06 17:14:18,,,,,,,,,,,,,,,,,,,,,,,,
2025-06-06,0.907,0.909,0.898,0.902,506546900.0,456.91,1.21,-0.55,-0.005,0.0,159949,创业板50ETF,2025-09-06 17:14:18,,,,,,,,,,,,,,,,,,,,,,,,
2025-06-05,0.895,0.91,0.889,0.907,660122391.0,598.73,2.35,1.45,0.013,0.0,159949,创业板50ETF,2025-09-06 17:14:18,,,,,,,,,,,,,,,,,,,,,,,,
2025-06-04,0.886,0.897,0.885,0.894,598649200.0,535.19,1.36,1.36,0.012,0.0,159949,创业板50ETF,2025-09-06 17:14:18,,,,,,,,,,,,,,,,,,,,,,,,
2025-06-03,0.879,0.889,0.877,0.882,455329000.0,401.6,1.36,0.0,0.0,0.0,159949,创业板50ETF,2025-09-06 17:14:18,,,,,,,,,,,,,,,,,,,,,,,,
2025-05-30,0.886,0.886,0.877,0.882,628977229.0,554.76,1.01,-1.01,-0.009,0.0,159949,创业板50ETF,2025-09-06 17:14:18,,,,,,,,,,,,,,,,,,,,,,,,
2025-05-29,0.881,0.894,0.879,0.891,705900900.0,628.96,1.71,1.37,0.012,0.0,159949,创业板50ETF,2025-09-06 17:14:18,,,,,,,,,,,,,,,,,,,,,,,,
2025-05-28,0.885,0.888,0.877,0.879,549645999.0,483.14,1.24,-0.57,-0.005,0.0,159949,创业板50ETF,2025-09-06 17:14:18,,,,,,,,,,,,,,,,,,,,,,,,
2025-05-27,0.889,0.889,0.878,0.884,592036000.0,523.36,1.24,-0.45,-0.004,0.0,159949,创业板50ETF,2025-09-06 17:14:18,,,,,,,,,,,,,,,,,,,,,,,,
2025-05-26,0.895,0.9,0.883,0.888,708475360.0,629.13,1.89,-1.22,-0.011,0.0,159949,创业板50ETF,2025-09-06 17:14:18,,,,,,,,,,,,,,,,,,,,,,,,
2025-05-23,0.91,0.917,0.899,0.899,750357367.0,674.57,1.98,-1.32,-0.012,0.0,159949,创业板50ETF,2025-09-06 17:14:18,,,,,,,,,,,,,,,,,,,,,,,,
2025-05-22,0.92,0.921,0.909,0.911,506286300.0,461.23,1.31,-0.87,-0.008,0.0,159949,创业板50ETF,2025-09-06 17:14:18,,,,,,,,,,,,,,,,,,,,,,,,
2025-05-21,0.91,0.926,0.909,0.919,969461800.0,890.94,1.87,1.21,0.011,0.0,159949,创业板50ETF,2025-09-06 17:14:18,,,,,,,,,,,,,,,,,,,,,,,,
2025-05-20,0.906,0.914,0.897,0.908,694322600.0,630.44,1.89,0.78,0.007,0.0,159949,创业板50ETF,2025-09-06 17:14:18,,,,,,,,,,,,,,,,,,,,,,,,
2025-05-19,0.905,0.906,0.895,0.901,688521600.0,620.36,1.22,-0.44,-0.004,0.0,159949,创业板50ETF,2025-09-06 17:14:18,,,,,,,,,,,,,,,,,,,,,,,,
2025-05-16,0.903,0.911,0.902,0.905,631924800.0,571.89,0.99,-0.11,-0.001,0.0,159949,创业板50ETF,2025-09-06 17:14:18,,,,,,,,,,,,,,,,,,,,,,,,
2025-05-15,0.923,0.923,0.906,0.906,884700663.0,801.54,1.84,-2.16,-0.02,0.0,159949,创业板50ETF,2025-09-06 17:14:18,,,,,,,,,,,,,,,,,,,,,,,,
2025-05-14,0.915,0.937,0.91,0.926,1134534963.0,1050.58,2.95,1.31,0.012,0.0,159949,创业板50ETF,2025-09-06 17:14:18,,,,,,,,,,,,,,,,,,,,,,,,
2025-05-13,0.931,0.931,0.913,0.914,905014399.0,827.18,1.97,-0.22,-0.002,0.0,159949,创业板50ETF,2025-09-06 17:14:18,,,,,,,,,,,,,,,,,,,,,,,,
2025-05-12,0.905,0.917,0.902,0.916,1164457591.0,1066.64,1.69,3.04,0.027,0.0,159949,创业板50ETF,2025-09-06 17:14:18,,,,,,,,,,,,,,,,,,,,,,,,
2025-05-09,0.897,0.897,0.884,0.889,752778091.0,669.22,1.45,-0.78,-0.007,0.0,159949,创业板50ETF,2025-09-06 17:14:18,,,,,,,,,,,,,,,,,,,,,,,,
2025-05-08,0.875,0.899,0.875,0.896,1318890786.0,1181.73,2.74,2.28,0.02,0.0,159949,创业板50ETF,2025-09-06 17:14:18,,,,,,,,,,,,,,,,,,,,,,,,
2025-05-07,0.89,0.896,0.87,0.876,1111171000.0,973.39,2.99,0.57,0.005,0.0,159949,创业板50ETF,2025-09-06 17:14:18,,,,,,,,,,,,,,,,,,,,,,,,
2025-05-06,0.863,0.873,0.861,0.871,750056950.0,653.3,1.41,1.99,0.017,0.0,159949,创业板50ETF,2025-09-06 17:14:18,,,,,,,,,,,,,,,,,,,,,,,,
2025-04-30,0.848,0.857,0.846,0.854,1001822964.0,855.56,1.3,0.95,0.008,0.0,159949,创业板50ETF,2025-09-06 17:14:18,,,,,,,,,,,,,,,,,,,,,,,,
2025-04-29,0.847,0.852,0.844,0.846,642162600.0,543.27,0.94,-0.24,-0.002,0.0,159949,创业板50ETF,2025-09-06 17:14:18,,,,,,,,,,,,,,,,,,,,,,,,
2025-04-28,0.855,0.858,0.846,0.848,574573736.0,487.24,1.41,-0.7,-0.006,0.0,159949,创业板50ETF,2025-09-06 17:14:18,,,,,,,,,,,,,,,,,,,,,,,,
2025-04-25,0.85,0.86,0.849,0.854,1105665900.0,944.24,1.3,0.95,0.008,0.0,159949,创业板50ETF,2025-09-06 17:14:18,,,,,,,,,,,,,,,,,,,,,,,,
2025-04-24,0.851,0.858,0.845,0.846,1118269400.0,946.06,1.52,-0.82,-0.007,0.0,159949,创业板50ETF,2025-09-06 17:14:18,,,,,,,,,,,,,,,,,,,,,,,,
2025-04-23,0.849,0.859,0.845,0.853,1056533200.0,901.22,1.66,1.43,0.012,0.0,159949,创业板50ETF,2025-09-06 17:14:18,,,,,,,,,,,,,,,,,,,,,,,,
2025-04-22,0.842,0.846,0.837,0.841,660144600.0,555.18,1.07,-0.24,-0.002,0.0,159949,创业板50ETF,2025-09-06 17:14:18,,,,,,,,,,,,,,,,,,,,,,,,
2025-04-21,0.829,0.845,0.824,0.843,960317600.0,809.55,2.53,1.44,0.012,0.0,159949,创业板50ETF,2025-09-06 17:14:18,,,,,,,,,,,,,,,,,,,,,,,,
2025-04-18,0.823,0.831,0.821,0.831,941192500.0,782.13,1.21,0.61,0.005,0.0,159949,创业板50ETF,2025-09-06 17:14:18,,,,,,,,,,,,,,,,,,,,,,,,
2025-04-17,0.82,0.831,0.817,0.826,998555600.0,824.81,1.7,0.12,0.001,0.0,159949,创业板50ETF,2025-09-06 17:14:18,,,,,,,,,,,,,,,,,,,,,,,,
2025-04-16,0.831,0.832,0.813,0.825,905180600.0,746.77,2.28,-1.2,-0.01,0.0,159949,创业板50ETF,2025-09-06 17:14:18,,,,,,,,,,,,,,,,,,,,,,,,
2025-04-15,0.836,0.839,0.83,0.835,782716200.0,653.57,1.08,0.0,0.0,0.0,159949,创业板50ETF,2025-09-06 17:14:18,,,,,,,,,,,,,,,,,,,,,,,,
2025-04-14,0.845,0.847,0.832,0.835,952720100.0,795.52,1.8,0.36,0.003,0.0,159949,创业板50ETF,2025-09-06 17:14:18,,,,,,,,,,,,,,,,,,,,,,,,
2025-04-11,0.81,0.84,0.81,0.832,1332170652.0,1108.37,3.66,1.59,0.013,0.0,159949,创业板50ETF,2025-09-06 17:14:18,,,,,,,,,,,,,,,,,,,,,,,,
2025-04-10,0.827,0.841,0.818,0.819,2205273500.0,1806.12,2.87,2.25,0.018,0.0,159949,创业板50ETF,2025-09-06 17:14:18,,,,,,,,,,,,,,,,,,,,,,,,
2025-04-09,0.777,0.809,0.768,0.801,2033983200.0,1629.22,5.15,0.63,0.005,0.0,159949,创业板50ETF,2025-09-06 17:14:18,,,,,,,,,,,,,,,,,,,,,,,,
2025-04-08,0.793,0.815,0.782,0.796,1805251869.0,1436.98,4.19,1.02,0.008,0.0,159949,创业板50ETF,2025-09-06 17:14:18,,,,,,,,,,,,,,,,,,,,,,,,
2025-04-07,0.86,0.86,0.76,0.788,3967639713.0,3126.5,11.04,-13.02,-0.118,0.0,159949,创业板50ETF,2025-09-06 17:14:18,,,,,,,,,,,,,,,,,,,,,,,,
2025-04-03,0.914,0.92,0.901,0.906,1368353313.0,1239.73,2.05,-2.27,-0.021,0.0,159949,创业板50ETF,2025-09-06 17:14:18,,,,,,,,,,,,,,,,,,,,,,,,
2025-04-02,0.923,0.933,0.921,0.927,641996406.0,595.13,1.3,0.32,0.003,0.0,159949,创业板50ETF,2025-09-06 17:14:18,,,,,,,,,,,,,,,,,,,,,,,,
2025-04-01,0.929,0.936,0.922,0.924,624497419.0,577.04,1.51,-0.32,-0.003,0.0,159949,创业板50ETF,2025-09-06 17:14:18,,,,,,,,,,,,,,,,,,,,,,,,
2025-03-31,0.935,0.936,0.919,0.927,983338431.0,911.55,1.81,-1.28,-0.012,0.0,159949,创业板50ETF,2025-09-06 17:14:18,,,,,,,,,,,,,,,,,,,,,,,,
2025-03-28,0.943,0.948,0.937,0.939,748885359.0,703.2,1.17,-0.53,-0.005,0.0,159949,创业板50ETF,2025-09-06 17:14:18,,,,,,,,,,,,,,,,,,,,,,,,
2025-03-27,0.941,0.955,0.933,0.944,704112741.0,664.68,2.33,0.11,0.001,0.0,159949,创业板50ETF,2025-09-06 17:14:18,,,,,,,,,,,,,,,,,,,,,,,,
2025-03-26,0.945,0.954,0.943,0.943,598444393.0,564.33,1.16,-0.53,-0.005,0.0,159949,创业板50ETF,2025-09-06 17:14:18,,,,,,,,,,,,,,,,,,,,,,,,
2025-03-25,0.951,0.957,0.943,0.948,680121400.0,644.76,1.47,-0.21,-0.002,0.0,159949,创业板50ETF,2025-09-06 17:14:18,,,,,,,,,,,,,,,,,,,,,,,,
2025-03-24,0.948,0.953,0.938,0.95,795810300.0,756.02,1.58,0.11,0.001,0.0,159949,创业板50ETF,2025-09-06 17:14:18,,,,,,,,,,,,,,,,,,,,,,,,
2025-03-21,0.97,0.973,0.948,0.949,1093987272.0,1038.19,2.57,-2.37,-0.023,0.0,159949,创业板50ETF,2025-09-06 17:14:18,,,,,,,,,,,,,,,,,,,,,,,,
2025-03-20,0.98,0.982,0.971,0.972,650307600.0,632.1,1.12,-1.12,-0.011,0.0,159949,创业板50ETF,2025-09-06 17:14:18,,,,,,,,,,,,,,,,,,,,,,,,
2025-03-19,0.982,0.99,0.975,0.983,821308256.0,807.35,1.52,-0.1,-0.001,0.0,159949,创业板50ETF,2025-09-06 17:14:18,,,,,,,,,,,,,,,,,,,,,,,,
2025-03-18,0.982,0.989,0.976,0.984,890586086.0,876.34,1.33,0.72,0.007,0.0,159949,创业板50ETF,2025-09-06 17:14:18,,,,,,,,,,,,,,,,,,,,,,,,
2025-03-17,0.986,0.986,0.974,0.977,678777700.0,663.17,1.22,-0.71,-0.007,0.0,159949,创业板50ETF,2025-09-06 17:14:18,,,,,,,,,,,,,,,,,,,,,,,,
2025-03-14,0.952,0.988,0.95,0.984,1915251056.0,1884.61,3.99,3.36,0.032,0.0,159949,创业板50ETF,2025-09-06 17:14:18,,,,,,,,,,,,,,,,,,,,,,,,
2025-03-13,0.963,0.969,0.947,0.952,826910500.0,787.22,2.29,-1.04,-0.01,0.0,159949,创业板50ETF,2025-09-06 17:14:18,,,,,,,,,,,,,,,,,,,,,,,,
2025-03-12,0.97,0.974,0.962,0.962,773826491.0,744.42,1.24,-0.52,-0.005,0.0,159949,创业板50ETF,2025-09-06 17:14:18,,,,,,,,,,,,,,,,,,,,,,,,
2025-03-11,0.955,0.967,0.953,0.967,684542013.0,661.95,1.45,0.0,0.0,0.0,159949,创业板50ETF,2025-09-06 17:14:18,,,,,,,,,,,,,,,,,,,,,,,,
2025-03-10,0.969,0.974,0.957,0.967,687132400.0,664.46,1.76,-0.1,-0.001,0.0,159949,创业板50ETF,2025-09-06 17:14:18,,,,,,,,,,,,,,,,,,,,,,,,
2025-03-07,0.979,0.979,0.965,0.968,984306000.0,952.81,1.42,-1.63,-0.016,0.0,159949,创业板50ETF,2025-09-06 17:14:18,,,,,,,,,,,,,,,,,,,,,,,,
2025-03-06,0.972,0.987,0.969,0.984,1265690833.0,1245.44,1.87,2.07,0.02,0.0,159949,创业板50ETF,2025-09-06 17:14:18,,,,,,,,,,,,,,,,,,,,,,,,
2025-03-05,0.962,0.969,0.958,0.964,734039300.0,707.61,1.14,-0.1,-0.001,0.0,159949,创业板50ETF,2025-09-06 17:14:18,,,,,,,,,,,,,,,,,,,,,,,,
2025-03-04,0.962,0.966,0.953,0.965,1115978900.0,1076.92,1.34,-0.62,-0.006,0.0,159949,创业板50ETF,2025-09-06 17:14:18,,,,,,,,,,,,,,,,,,,,,,,,
2025-03-03,0.961,0.988,0.954,0.971,1726168050.0,1676.11,3.55,1.36,0.013,0.0,159949,创业板50ETF,2025-09-06 17:14:18,,,,,,,,,,,,,,,,,,,,,,,,
2025-02-28,0.992,0.993,0.956,0.958,1454188428.0,1393.11,3.71,-4.01,-0.04,0.0,159949,创业板50ETF,2025-09-06 17:14:18,,,,,,,,,,,,,,,,,,,,,,,,
2025-02-27,1.002,1.01,0.985,0.998,1236707197.0,1234.23,2.49,-0.6,-0.006,0.0,159949,创业板50ETF,2025-09-06 17:14:18,,,,,,,,,,,,,,,,,,,,,,,,
2025-02-26,0.992,1.004,0.988,1.004,1109991701.0,1114.43,1.62,1.41,0.014,0.0,159949,创业板50ETF,2025-09-06 17:14:18,,,,,,,,,,,,,,,,,,,,,,,,
2025-02-25,0.989,1.003,0.985,0.99,1120554100.0,1109.35,1.79,-1.3,-0.013,0.0,159949,创业板50ETF,2025-09-06 17:14:18,,,,,,,,,,,,,,,,,,,,,,,,
2025-02-24,1.005,1.01,0.993,1.003,1176816360.0,1180.35,1.68,-0.59,-0.006,0.0,159949,创业板50ETF,2025-09-06 17:14:18,,,,,,,,,,,,,,,,,,,,,,,,
2025-02-21,0.986,1.013,0.986,1.009,1717646427.0,1733.11,2.74,2.33,0.023,0.0,159949,创业板50ETF,2025-09-06 17:14:18,,,,,,,,,,,,,,,,,,,,,,,,
2025-02-20,0.986,0.99,0.976,0.986,930217980.0,917.19,1.42,-0.2,-0.002,0.0,159949,创业板50ETF,2025-09-06 17:14:18,,,,,,,,,,,,,,,,,,,,,,,,
2025-02-19,0.967,0.989,0.966,0.988,1160123354.0,1146.2,2.37,1.86,0.018,0.0,159949,创业板50ETF,2025-09-06 17:14:18,,,,,,,,,,,,,,,,,,,,,,,,
2025-02-18,0.988,0.993,0.967,0.97,1310729826.0,1271.41,2.63,-2.02,-0.02,0.0,159949,创业板50ETF,2025-09-06 17:14:18,,,,,,,,,,,,,,,,,,,,,,,,
2025-02-17,0.989,0.995,0.981,0.99,1492863287.0,1477.93,1.43,1.12,0.011,0.0,159949,创业板50ETF,2025-09-06 17:14:18,,,,,,,,,,,,,,,,,,,,,,,,
2025-02-14,0.964,0.985,0.962,0.979,1461089223.0,1430.41,2.38,1.45,0.014,0.0,159949,创业板50ETF,2025-09-06 17:14:18,,,,,,,,,,,,,,,,,,,,,,,,
2025-02-13,0.971,0.979,0.965,0.965,1178734162.0,1137.48,1.44,-0.82,-0.008,0.0,159949,创业板50ETF,2025-09-06 17:14:18,,,,,,,,,,,,,,,,,,,,,,,,
2025-02-12,0.956,0.977,0.952,0.973,1321978182.0,1286.28,2.61,1.57,0.015,0.0,159949,创业板50ETF,2025-09-06 17:14:18,,,,,,,,,,,,,,,,,,,,,,,,
2025-02-11,0.974,0.974,0.958,0.958,1015712092.0,973.05,1.64,-1.64,-0.016,0.0,159949,创业板50ETF,2025-09-06 17:14:18,,,,,,,,,,,,,,,,,,,,,,,,
2025-02-10,0.974,0.977,0.963,0.974,1180370135.0,1149.68,1.44,0.21,0.002,0.0,159949,创业板50ETF,2025-09-06 17:14:18,,,,,,,,,,,,,,,,,,,,,,,,
2025-02-07,0.945,0.985,0.945,0.972,2339418690.0,2273.91,4.23,2.86,0.027,0.0,159949,创业板50ETF,2025-09-06 17:14:18,,,,,,,,,,,,,,,,,,,,,,,,
2025-02-06,0.917,0.946,0.916,0.945,1483662307.0,1402.06,3.26,2.83,0.026,0.0,159949,创业板50ETF,2025-09-06 17:14:18,,,,,,,,,,,,,,,,,,,,,,,,
2025-02-05,0.933,0.933,0.915,0.919,1067437689.0,980.98,1.95,-0.65,-0.006,0.0,159949,创业板50ETF,2025-09-06 17:14:18,,,,,,,,,,,,,,,,,,,,,,,,
2025-01-27,0.958,0.959,0.925,0.925,1092800044.0,1010.84,3.56,-3.14,-0.03,0.0,159949,创业板50ETF,2025-09-06 17:14:18,,,,,,,,,,,,,,,,,,,,,,,,
2025-01-24,0.936,0.96,0.935,0.955,1401132900.0,1338.08,2.66,1.6,0.015,0.0,159949,创业板50ETF,2025-09-06 17:14:18,,,,,,,,,,,,,,,,,,,,,,,,
2025-01-23,0.954,0.967,0.94,0.94,1358070200.0,1276.59,2.87,-0.21,-0.002,0.0,159949,创业板50ETF,2025-09-06 17:14:18,,,,,,,,,,,,,,,,,,,,,,,,
2025-01-22,0.943,0.948,0.932,0.942,1026238720.0,966.72,1.69,-0.53,-0.005,0.0,159949,创业板50ETF,2025-09-06 17:14:18,,,,,,,,,,,,,,,,,,,,,,,,
2025-01-21,0.955,0.956,0.937,0.947,940774900.0,890.91,2.01,0.42,0.004,0.0,159949,创业板50ETF,2025-09-06 17:14:18,,,,,,,,,,,,,,,,,,,,,,,,
2025-01-20,0.935,0.95,0.934,0.943,1643032300.0,1549.38,1.73,1.95,0.018,0.0,159949,创业板50ETF,2025-09-06 17:14:18,,,,,,,,,,,,,,,,,,,,,,,,
2025-01-17,0.914,0.932,0.913,0.925,1134910167.0,1049.79,2.07,0.65,0.006,0.0,159949,创业板50ETF,2025-09-06 17:14:18,,,,,,,,,,,,,,,,,,,,,,,,
2025-01-16,0.917,0.933,0.908,0.919,1360596437.0,1250.39,2.74,0.77,0.007,0.0,159949,创业板50ETF,2025-09-06 17:14:18,,,,,,,,,,,,,,,,,,,,,,,,
2025-01-15,0.924,0.924,0.908,0.912,1364230281.0,1244.18,1.72,-1.83,-0.017,0.0,159949,创业板50ETF,2025-09-06 17:14:18,,,,,,,,,,,,,,,,,,,,,,,,
2025-01-14,0.888,0.93,0.884,0.929,2118007915.0,1967.63,5.2,5.09,0.045,0.0,159949,创业板50ETF,2025-09-06 17:14:18,,,,,,,,,,,,,,,,,,,,,,,,
2025-01-13,0.873,0.893,0.871,0.884,972409899.0,859.61,2.49,0.0,0.0,0.0,159949,创业板50ETF,2025-09-06 17:14:18,,,,,,,,,,,,,,,,,,,,,,,,
2025-01-10,0.898,0.903,0.883,0.884,821946100.0,726.6,2.22,-1.67,-0.015,0.0,159949,创业板50ETF,2025-09-06 17:14:18,,,,,,,,,,,,,,,,,,,,,,,,
2025-01-09,0.89,0.905,0.889,0.899,949334400.0,853.45,1.79,0.33,0.003,0.0,159949,创业板50ETF,2025-09-06 17:14:18,,,,,,,,,,,,,,,,,,,,,,,,
2025-01-08,0.9,0.907,0.878,0.896,1463938362.0,1311.69,3.2,-1.21,-0.011,0.0,159949,创业板50ETF,2025-09-06 17:14:18,,,,,,,,,,,,,,,,,,,,,,,,
2025-01-07,0.896,0.908,0.888,0.907,1327422500.0,1203.97,2.21,0.44,0.004,0.0,159949,创业板50ETF,2025-09-06 17:14:18,,,,,,,,,,,,,,,,,,,,,,,,
2025-01-06,0.904,0.911,0.897,0.903,1331547297.0,1202.39,1.55,-0.22,-0.002,0.0,159949,创业板50ETF,2025-09-06 17:14:18,,,,,,,,,,,,,,,,,,,,,,,,
2025-01-03,0.923,0.926,0.903,0.905,1526506208.0,1381.49,2.49,-1.84,-0.017,0.0,159949,创业板50ETF,2025-09-06 17:14:18,,,,,,,,,,,,,,,,,,,,,,,,
2025-01-02,0.959,0.959,0.914,0.922,1958212903.0,1805.47,4.68,-4.06,-0.039,0.0,159949,创业板50ETF,2025-09-06 17:14:18,,,,,,,,,,,,,,,,,,,,,,,,
2024-12-31,0.989,0.991,0.96,0.961,1664150222.0,1599.25,3.13,-3.03,-0.03,0.0,159949,创业板50ETF,2025-09-06 17:14:18,,,,,,,,,,,,,,,,,,,,,,,,
2024-12-30,0.986,0.995,0.985,0.991,950509936.0,941.96,1.01,0.2,0.002,0.0,159949,创业板50ETF,2025-09-06 17:14:18,,,,,,,,,,,,,,,,,,,,,,,,
2024-12-27,0.991,1.003,0.984,0.989,1445832670.0,1429.93,1.92,-0.2,-0.002,0.0,159949,创业板50ETF,2025-09-06 17:14:18,,,,,,,,,,,,,,,,,,,,,,,,
2024-12-26,0.988,0.996,0.984,0.991,946847500.0,938.33,1.21,0.3,0.003,0.0,159949,创业板50ETF,2025-09-06 17:14:18,,,,,,,,,,,,,,,,,,,,,,,,
2024-12-25,0.994,0.997,0.982,0.988,976544200.0,964.83,1.51,-0.6,-0.006,0.0,159949,创业板50ETF,2025-09-06 17:14:18,,,,,,,,,,,,,,,,,,,,,,,,
2024-12-24,0.982,0.994,0.98,0.994,1984913700.0,1973.0,1.42,1.12,0.011,0.0,159949,创业板50ETF,2025-09-06 17:14:18,,,,,,,,,,,,,,,,,,,,,,,,
2024-12-23,0.989,0.997,0.98,0.983,1321105290.0,1298.65,1.72,-0.71,-0.007,0.0,159949,创业板50ETF,2025-09-06 17:14:18,,,,,,,,,,,,,,,,,,,,,,,,
2024-12-20,0.99,1.0,0.985,0.99,1290552558.0,1277.65,1.51,-0.2,-0.002,0.0,159949,创业板50ETF,2025-09-06 17:14:18,,,,,,,,,,,,,,,,,,,,,,,,
2024-12-19,0.978,0.995,0.974,0.992,1128623630.0,1119.59,2.13,0.51,0.005,0.0,159949,创业板50ETF,2025-09-06 17:14:18,,,,,,,,,,,,,,,,,,,,,,,,
2024-12-18,0.992,0.993,0.983,0.987,956088799.0,943.66,1.01,-0.1,-0.001,0.0,159949,创业板50ETF,2025-09-06 17:14:18,,,,,,,,,,,,,,,,,,,,,,,,
2024-12-17,0.983,1.003,0.982,0.988,1400477171.0,1383.67,2.13,0.41,0.004,0.0,159949,创业板50ETF,2025-09-06 17:14:18,,,,,,,,,,,,,,,,,,,,,,,,
2024-12-16,0.999,0.999,0.98,0.984,1153312603.0,1134.86,1.9,-1.6,-0.016,0.0,159949,创业板50ETF,2025-09-06 17:14:18,,,,,,,,,,,,,,,,,,,,,,,,
2024-12-13,1.019,1.02,0.998,1.0,1482051776.0,1482.05,2.14,-2.72,-0.028,0.0,159949,创业板50ETF,2025-09-06 17:14:18,,,,,,,,,,,,,,,,,,,,,,,,
2024-12-12,1.011,1.033,1.009,1.028,1690254508.0,1737.58,2.37,1.48,0.015,0.0,159949,创业板50ETF,2025-09-06 17:14:18,,,,,,,,,,,,,,,,,,,,,,,,
2024-12-11,1.013,1.023,1.008,1.013,1159715400.0,1174.79,1.48,-0.1,-0.001,0.0,159949,创业板50ETF,2025-09-06 17:14:18,,,,,,,,,,,,,,,,,,,,,,,,
2024-12-10,1.061,1.071,1.012,1.014,2599413800.0,2635.81,5.85,0.6,0.006,0.0,159949,创业板50ETF,2025-09-06 17:14:18,,,,,,,,,,,,,,,,,,,,,,,,
2024-12-09,1.015,1.019,1.0,1.008,1175825049.0,1185.23,1.87,-0.79,-0.008,0.0,159949,创业板50ETF,2025-09-06 17:14:18,,,,,,,,,,,,,,,,,,,,,,,,
2024-12-06,0.993,1.028,0.99,1.016,2490867304.0,2530.72,3.83,2.32,0.023,0.0,159949,创业板50ETF,2025-09-06 17:14:18,,,,,,,,,,,,,,,,,,,,,,,,
2024-12-05,0.988,1.001,0.986,0.993,1041626723.0,1034.34,1.52,0.3,0.003,0.0,159949,创业板50ETF,2025-09-06 17:14:18,,,,,,,,,,,,,,,,,,,,,,,,
2024-12-04,0.998,1.003,0.985,0.99,1484709431.0,1469.86,1.79,-1.3,-0.013,0.0,159949,创业板50ETF,2025-09-06 17:14:18,,,,,,,,,,,,,,,,,,,,,,,,
2024-12-03,1.009,1.011,0.993,1.003,1524990598.0,1529.57,1.78,-0.59,-0.006,0.0,159949,创业板50ETF,2025-09-06 17:14:18,,,,,,,,,,,,,,,,,,,,,,,,
2024-12-02,0.989,1.012,0.987,1.009,1750083012.0,1765.83,2.52,1.61,0.016,0.0,159949,创业板50ETF,2025-09-06 17:14:18,,,,,,,,,,,,,,,,,,,,,,,,
2024-11-29,0.965,1.016,0.964,0.993,3208786606.0,3186.33,5.38,2.69,0.026,0.0,159949,创业板50ETF,2025-09-06 17:14:18,,,,,,,,,,,,,,,,,,,,,,,,
2024-11-28,0.987,0.987,0.966,0.967,1434395728.0,1387.06,2.13,-2.13,-0.021,0.0,159949,创业板50ETF,2025-09-06 17:14:18,,,,,,,,,,,,,,,,,,,,,,,,
2024-11-27,0.958,0.988,0.947,0.988,2331585105.0,2303.61,4.27,2.92,0.028,0.0,159949,创业板50ETF,2025-09-06 17:14:18,,,,,,,,,,,,,,,,,,,,,,,,
2024-11-26,0.967,0.978,0.959,0.96,980273550.0,941.06,1.95,-1.23,-0.012,0.0,159949,创业板50ETF,2025-09-06 17:14:18,,,,,,,,,,,,,,,,,,,,,,,,
2024-11-25,0.979,0.983,0.957,0.972,2004083019.0,1947.97,2.67,-0.21,-0.002,0.0,159949,创业板50ETF,2025-09-06 17:14:18,,,,,,,,,,,,,,,,,,,,,,,,
2024-11-22,1.011,1.017,0.974,0.974,1691801348.0,1647.81,4.24,-3.94,-0.04,0.0,159949,创业板50ETF,2025-09-06 17:14:18,,,,,,,,,,,,,,,,,,,,,,,,
2024-11-21,1.014,1.022,1.007,1.014,1134355484.0,1150.24,1.48,-0.2,-0.002,0.0,159949,创业板50ETF,2025-09-06 17:14:18,,,,,,,,,,,,,,,,,,,,,,,,
2024-11-20,1.006,1.024,1.003,1.016,1611730286.0,1637.52,2.07,0.1,0.001,0.0,159949,创业板50ETF,2025-09-06 17:14:18,,,,,,,,,,,,,,,,,,,,,,,,
2024-11-19,0.986,1.015,0.973,1.015,2883987570.0,2927.25,4.27,3.26,0.032,0.0,159949,创业板50ETF,2025-09-06 17:14:18,,,,,,,,,,,,,,,,,,,,,,,,
2024-11-18,1.006,1.01,0.972,0.983,2586425234.0,2542.46,3.78,-2.19,-0.022,0.0,159949,创业板50ETF,2025-09-06 17:14:18,,,,,,,,,,,,,,,,,,,,,,,,
2024-11-15,1.043,1.05,1.005,1.005,2300563791.0,2312.07,4.29,-4.1,-0.043,0.0,159949,创业板50ETF,2025-09-06 17:14:18,,,,,,,,,,,,,,,,,,,,,,,,
2024-11-14,1.085,1.088,1.047,1.048,1935334500.0,2028.23,3.77,-3.59,-0.039,0.0,159949,创业板50ETF,2025-09-06 17:14:18,,,,,,,,,,,,,,,,,,,,,,,,
2024-11-13,1.058,1.092,1.049,1.087,2474593556.0,2689.88,4.03,1.78,0.019,0.0,159949,创业板50ETF,2025-09-06 17:14:18,,,,,,,,,,,,,,,,,,,,,,,,
2024-11-12,1.075,1.096,1.054,1.068,4465479914.0,4769.13,3.94,0.19,0.002,0.0,159949,创业板50ETF,2025-09-06 17:14:18,,,,,,,,,,,,,,,,,,,,,,,,
2024-11-11,1.022,1.067,1.02,1.066,2548915515.0,2717.14,4.53,2.8,0.029,0.0,159949,创业板50ETF,2025-09-06 17:14:18,,,,,,,,,,,,,,,,,,,,,,,,
2024-11-08,1.076,1.079,1.032,1.037,2931691886.0,3040.16,4.46,-1.52,-0.016,0.0,159949,创业板50ETF,2025-09-06 17:14:18,,,,,,,,,,,,,,,,,,,,,,,,
2024-11-07,1.0,1.054,0.998,1.053,3026482736.0,3186.89,5.54,4.15,0.042,0.0,159949,创业板50ETF,2025-09-06 17:14:18,,,,,,,,,,,,,,,,,,,,,,,,
2024-11-06,1.028,1.062,1.002,1.011,3815868298.0,3857.84,5.84,-1.65,-0.017,0.0,159949,创业板50ETF,2025-09-06 17:14:18,,,,,,,,,,,,,,,,,,,,,,,,
2024-11-05,0.977,1.033,0.969,1.028,5118695853.0,5262.02,6.56,5.33,0.052,0.0,159949,创业板50ETF,2025-09-06 17:14:18,,,,,,,,,,,,,,,,,,,,,,,,
2024-11-04,0.948,0.978,0.946,0.976,1870014927.0,1825.13,3.38,2.95,0.028,0.0,159949,创业板50ETF,2025-09-06 17:14:18,,,,,,,,,,,,,,,,,,,,,,,,
2024-11-01,0.957,0.968,0.946,0.948,1737192621.0,1646.86,2.28,-1.76,-0.017,0.0,159949,创业板50ETF,2025-09-06 17:14:18,,,,,,,,,,,,,,,,,,,,,,,,
2024-10-31,0.957,0.986,0.949,0.965,2504663500.0,2417.0,3.86,0.73,0.007,0.0,159949,创业板50ETF,2025-09-06 17:14:18,,,,,,,,,,,,,,,,,,,,,,,,
2024-10-30,0.96,0.971,0.947,0.958,1888950716.0,1809.61,2.48,-1.14,-0.011,0.0,159949,创业板50ETF,2025-09-06 17:14:18,,,,,,,,,,,,,,,,,,,,,,,,
2024-10-29,0.997,0.999,0.969,0.969,2261752957.0,2191.64,3.02,-2.52,-0.025,0.0,159949,创业板50ETF,2025-09-06 17:14:18,,,,,,,,,,,,,,,,,,,,,,,,
2024-10-28,1.001,1.001,0.981,0.994,1748198913.0,1737.71,2.0,-0.7,-0.007,0.0,159949,创业板50ETF,2025-09-06 17:14:18,,,,,,,,,,,,,,,,,,,,,,,,
2024-10-25,0.978,1.021,0.972,1.001,4204776604.0,4208.98,5.06,3.3,0.032,0.0,159949,创业板50ETF,2025-09-06 17:14:18,,,,,,,,,,,,,,,,,,,,,,,,
2024-10-24,0.976,0.983,0.966,0.969,1584776407.0,1535.65,1.73,-1.42,-0.014,0.0,159949,创业板50ETF,2025-09-06 17:14:18,,,,,,,,,,,,,,,,,,,,,,,,
2024-10-23,0.985,1.006,0.975,0.983,2365782655.0,2325.56,3.13,-0.81,-0.008,0.0,159949,创业板50ETF,2025-09-06 17:14:18,,,,,,,,,,,,,,,,,,,,,,,,
2024-10-22,0.983,0.996,0.973,0.991,2211289892.0,2191.39,2.33,0.41,0.004,0.0,159949,创业板50ETF,2025-09-06 17:14:18,,,,,,,,,,,,,,,,,,,,,,,,
2024-10-21,0.987,1.015,0.975,0.987,3524990547.0,3479.17,4.07,0.3,0.003,0.0,159949,创业板50ETF,2025-09-06 17:14:18,,,,,,,,,,,,,,,,,,,,,,,,
2024-10-18,0.901,1.045,0.901,0.984,5846840023.0,5753.29,15.93,8.85,0.08,0.0,159949,创业板50ETF,2025-09-06 17:14:18,,,,,,,,,,,,,,,,,,,,,,,,
2024-10-17,0.916,0.927,0.904,0.904,2081798529.0,1881.95,2.54,-0.22,-0.002,0.0,159949,创业板50ETF,2025-09-06 17:14:18,,,,,,,,,,,,,,,,,,,,,,,,
2024-10-16,0.904,0.928,0.901,0.906,2789176336.0,2526.99,2.9,-2.58,-0.024,0.0,159949,创业板50ETF,2025-09-06 17:14:18,,,,,,,,,,,,,,,,,,,,,,,,
2024-10-15,0.954,0.972,0.93,0.93,2888078006.0,2685.91,4.36,-3.43,-0.033,0.0,159949,创业板50ETF,2025-09-06 17:14:18,,,,,,,,,,,,,,,,,,,,,,,,
2024-10-14,0.945,0.968,0.919,0.963,3559098043.0,3427.41,5.24,2.88,0.027,0.0,159949,创业板50ETF,2025-09-06 17:14:18,,,,,,,,,,,,,,,,,,,,,,,,
2024-10-11,0.97,0.979,0.92,0.936,4106108032.0,3843.32,5.97,-5.36,-0.053,0.0,159949,创业板50ETF,2025-09-06 17:14:18,,,,,,,,,,,,,,,,,,,,,,,,
2024-10-10,1.02,1.045,0.969,0.989,4602715449.0,4552.09,7.43,-3.32,-0.034,0.0,159949,创业板50ETF,2025-09-06 17:14:18,,,,,,,,,,,,,,,,,,,,,,,,
2024-10-09,1.11,1.146,1.021,1.023,8592290221.0,8789.91,10.32,-15.52,-0.188,0.0,159949,创业板50ETF,2025-09-06 17:14:18,,,,,,,,,,,,,,,,,,,,,,,,
2024-10-08,1.211,1.211,1.05,1.211,12131470697.0,14691.21,15.96,20.02,0.202,0.0,159949,创业板50ETF,2025-09-06 17:14:18,,,,,,,,,,,,,,,,,,,,,,,,
2024-09-30,0.899,1.009,0.871,1.009,4480273540.0,4520.6,16.41,19.98,0.168,0.0,159949,创业板50ETF,2025-09-06 17:14:18,,,,,,,,,,,,,,,,,,,,,,,,
2024-09-27,0.769,0.852,0.769,0.841,3405374633.0,2863.92,11.01,11.54,0.087,0.0,159949,创业板50ETF,2025-09-06 17:14:18,,,,,,,,,,,,,,,,,,,,,,,,
2024-09-26,0.719,0.755,0.714,0.754,1441965107.0,1087.24,5.68,4.43,0.032,0.0,159949,创业板50ETF,2025-09-06 17:14:18,,,,,,,,,,,,,,,,,,,,,,,,
2024-09-25,0.726,0.74,0.721,0.722,1637476506.0,1182.26,2.67,1.55,0.011,0.0,159949,创业板50ETF,2025-09-06 17:14:18,,,,,,,,,,,,,,,,,,,,,,,,
2024-09-24,0.676,0.711,0.671,0.711,1695933608.0,1205.81,5.97,6.12,0.041,0.0,159949,创业板50ETF,2025-09-06 17:14:18,,,,,,,,,,,,,,,,,,,,,,,,
2024-09-23,0.672,0.677,0.669,0.67,535880521.0,359.04,1.19,-0.3,-0.002,0.0,159949,创业板50ETF,2025-09-06 17:14:18,,,,,,,,,,,,,,,,,,,,,,,,
2024-09-20,0.674,0.676,0.666,0.672,666619400.0,447.97,1.48,-0.59,-0.004,0.0,159949,创业板50ETF,2025-09-06 17:14:18,,,,,,,,,,,,,,,,,,,,,,,,
2024-09-19,0.673,0.684,0.664,0.676,841466700.0,568.83,2.98,0.75,0.005,0.0,159949,创业板50ETF,2025-09-06 17:14:18,,,,,,,,,,,,,,,,,,,,,,,,
2024-09-18,0.67,0.674,0.666,0.671,434134600.0,291.3,1.19,-0.15,-0.001,0.0,159949,创业板50ETF,2025-09-06 17:14:18,,,,,,,,,,,,,,,,,,,,,,,,
2024-09-13,0.678,0.68,0.671,0.672,528084900.0,354.87,1.33,-0.74,-0.005,0.0,159949,创业板50ETF,2025-09-06 17:14:18,,,,,,,,,,,,,,,,,,,,,,,,
2024-09-12,0.68,0.687,0.676,0.677,542451400.0,367.24,1.62,0.0,0.0,0.0,159949,创业板50ETF,2025-09-06 17:14:18,,,,,,,,,,,,,,,,,,,,,,,,
2024-09-11,0.667,0.679,0.666,0.677,799776136.0,541.45,1.95,1.35,0.009,0.0,159949,创业板50ETF,2025-09-06 17:14:18,,,,,,,,,,,,,,,,,,,,,,,,
2024-09-10,0.669,0.673,0.661,0.668,581205537.0,388.25,1.79,-0.15,-0.001,0.0,159949,创业板50ETF,2025-09-06 17:14:18,,,,,,,,,,,,,,,,,,,,,,,,
2024-09-09,0.662,0.672,0.661,0.669,525848631.0,351.79,1.65,0.3,0.002,0.0,159949,创业板50ETF,2025-09-06 17:14:18,,,,,,,,,,,,,,,,,,,,,,,,
2024-09-06,0.678,0.679,0.666,0.667,513427900.0,342.46,0.0,0.0,0.0,0.0,159949,创业板50ETF,2025-09-06 17:14:18,,,,,,,,,,,,,,,,,,,,,,,,
