日期,开盘,最高,最低,收盘,成交量,成交额,振幅,涨跌幅,涨跌额,换手率,ETF代码,ETF名称,爬取时间,折溢价率,IOPV,前收盘,量比,委比,外盘,内盘,主力净流入-净额,主力净流入-净占比,超大单净流入-净额,超大单净流入-净占比,大单净流入-净额,大单净流入-净占比,中单净流入-净额,中单净流入-净占比,小单净流入-净额,小单净流入-净占比,现手,买一,卖一,最新份额,流通市值,总市值,更新时间
2025-09-22,3.044,3.061,3.032,3.054,633104475.0,19335010.67,0.95,0.33,0.01,,510050,上证50ETF,2025-09-22 21:52:51,,,,,,,,,,,,,,,,,,,,,,,,
2025-09-19,3.04,3.065,3.038,3.045,655665965.0,19965028.63,0.89,-0.1,-0.003,,510050,上证50ETF,2025-09-19 18:14:22,,,,,,,,,,,,,,,,,,,,,,,,
2025-09-18,3.092,3.108,3.02,3.048,1304857521.0,39772057.24,2.85,-1.3,-0.04,,510050,上证50ETF,2025-09-19 18:14:22,,,,,,,,,,,,,,,,,,,,,,,,
2025-09-17,3.078,3.094,3.067,3.088,579748039.0,17902619.44,0.88,0.32,0.01,,510050,上证50ETF,2025-09-19 18:14:22,,,,,,,,,,,,,,,,,,,,,,,,
2025-09-16,3.1,3.108,3.075,3.082,645047199.0,19880354.67,1.06,-0.58,-0.018,,510050,上证50ETF,2025-09-18 22:22:51,,,,,,,,,,,,,,,,,,,,,,,,
2025-09-12,3.124,3.136,3.097,3.104,69497.19,2166630148.0,1.25,-0.58,-0.018,1.19,510050,上证50ETF,2025-09-12 22:21:36,0.1,3.1072,3.122,0.91,-54.54,3255949.0,3693770.0,1870560.0,0.09,420212736.0,19.39,-418342176.0,-19.31,-688287.0,-0.03,-1182282.0,-0.05,1816.0,3.103,3.104,58328766720.0,181052491899.0,181052491899.0,2025-09-12 16:11:47+08:00
2025-09-11,3.06,3.124,3.046,3.122,1308600325.0,40854502.15,0.0,0.0,0.0,0.0,510050,上证50ETF,2025-09-11 22:22:15,0.0,,,,,,,,,,,,,,,,,,,,,,,
2025-09-10,3.056,3.088,3.054,3.072,460363432.0,14142364.63,0.0,0.0,0.0,0.0,510050,上证50ETF,2025-09-10 22:21:27,0.0,,,,,,,,,,,,,,,,,,,,,,,
2025-09-09,3.06,3.08,3.044,3.059,851887505.0,26059238.78,0.0,0.0,0.0,0.0,510050,上证50ETF,2025-09-09 18:27:56,,,,,,,,,,,,,,,,,,,,,,,,
2025-09-08,3.07,3.083,3.051,3.067,535238452.0,16415763.32,0.0,0.0,0.0,0.0,510050,上证50ETF,2025-09-08 18:27:51,,,,,,,,,,,,,,,,,,,,,,,,
2025-09-05,3.033,3.08,3.027,3.072,649923624.0,1996.57,1.75,1.25,0.038,0.0,510050,上证50ETF,2025-09-06 17:14:18,,,,,,,,,,,,,,,,,,,,,,,,
2025-09-04,3.083,3.086,3.003,3.034,1495711421.0,4537.99,2.69,-1.72,-0.053,0.0,510050,上证50ETF,2025-09-06 17:14:18,,,,,,,,,,,,,,,,,,,,,,,,
2025-09-03,3.128,3.137,3.064,3.087,1119035771.0,3454.46,2.33,-1.31,-0.041,0.0,510050,上证50ETF,2025-09-06 17:14:18,,,,,,,,,,,,,,,,,,,,,,,,
2025-09-02,3.115,3.141,3.1,3.128,779798030.0,2439.21,1.32,0.48,0.015,0.0,510050,上证50ETF,2025-09-06 17:14:18,,,,,,,,,,,,,,,,,,,,,,,,
2025-09-01,3.115,3.122,3.096,3.113,947105873.0,2948.34,0.84,0.03,0.001,0.0,510050,上证50ETF,2025-09-06 17:14:18,,,,,,,,,,,,,,,,,,,,,,,,
2025-08-29,3.085,3.122,3.081,3.112,1242740893.0,3867.41,1.32,0.55,0.017,0.0,510050,上证50ETF,2025-09-06 17:14:18,,,,,,,,,,,,,,,,,,,,,,,,
2025-08-28,3.046,3.097,3.035,3.095,1151366620.0,3563.48,2.03,1.44,0.044,0.0,510050,上证50ETF,2025-09-06 17:14:18,,,,,,,,,,,,,,,,,,,,,,,,
2025-08-27,3.103,3.116,3.047,3.051,992806302.0,3029.05,2.23,-1.61,-0.05,0.0,510050,上证50ETF,2025-09-06 17:14:18,,,,,,,,,,,,,,,,,,,,,,,,
2025-08-26,3.121,3.121,3.094,3.101,727485594.0,2255.93,0.86,-0.74,-0.023,0.0,510050,上证50ETF,2025-09-06 17:14:18,,,,,,,,,,,,,,,,,,,,,,,,
2025-08-25,3.079,3.128,3.074,3.124,1188379707.0,3712.5,1.76,1.89,0.058,0.0,510050,上证50ETF,2025-09-06 17:14:18,,,,,,,,,,,,,,,,,,,,,,,,
2025-08-22,2.992,3.067,2.992,3.066,1265864867.0,3881.14,2.51,2.54,0.076,0.0,510050,上证50ETF,2025-09-06 17:14:18,,,,,,,,,,,,,,,,,,,,,,,,
2025-08-21,2.979,2.999,2.976,2.99,874023648.0,2613.33,0.77,0.5,0.015,0.0,510050,上证50ETF,2025-09-06 17:14:18,,,,,,,,,,,,,,,,,,,,,,,,
2025-08-20,2.934,2.976,2.921,2.975,1003750690.0,2986.16,1.87,1.29,0.038,0.0,510050,上证50ETF,2025-09-06 17:14:18,,,,,,,,,,,,,,,,,,,,,,,,
2025-08-19,2.969,2.985,2.935,2.937,802699002.0,2357.53,1.68,-1.14,-0.034,0.0,510050,上证50ETF,2025-09-06 17:14:18,,,,,,,,,,,,,,,,,,,,,,,,
2025-08-18,2.97,2.992,2.956,2.971,1099632367.0,3267.01,1.21,0.2,0.006,0.0,510050,上证50ETF,2025-09-06 17:14:18,,,,,,,,,,,,,,,,,,,,,,,,
2025-08-15,2.948,2.977,2.938,2.965,1353060946.0,4011.83,1.32,0.37,0.011,0.0,510050,上证50ETF,2025-09-06 17:14:18,,,,,,,,,,,,,,,,,,,,,,,,
2025-08-14,2.943,2.982,2.942,2.954,929751369.0,2746.49,1.36,0.48,0.014,0.0,510050,上证50ETF,2025-09-06 17:14:18,,,,,,,,,,,,,,,,,,,,,,,,
2025-08-13,2.932,2.954,2.93,2.94,741455374.0,2179.88,0.82,0.27,0.008,0.0,510050,上证50ETF,2025-09-06 17:14:18,,,,,,,,,,,,,,,,,,,,,,,,
2025-08-12,2.913,2.94,2.913,2.932,613600395.0,1799.08,0.93,0.69,0.02,0.0,510050,上证50ETF,2025-09-06 17:14:18,,,,,,,,,,,,,,,,,,,,,,,,
2025-08-11,2.912,2.924,2.905,2.912,641217180.0,1867.22,0.65,0.07,0.002,0.0,510050,上证50ETF,2025-09-06 17:14:18,,,,,,,,,,,,,,,,,,,,,,,,
2025-08-08,2.916,2.923,2.905,2.91,293830872.0,855.05,0.62,-0.38,-0.011,0.0,510050,上证50ETF,2025-09-06 17:14:18,,,,,,,,,,,,,,,,,,,,,,,,
2025-08-07,2.92,2.931,2.908,2.921,404373495.0,1181.17,0.79,0.1,0.003,0.0,510050,上证50ETF,2025-09-06 17:14:18,,,,,,,,,,,,,,,,,,,,,,,,
2025-08-06,2.91,2.923,2.907,2.918,328782877.0,959.39,0.55,0.21,0.006,0.0,510050,上证50ETF,2025-09-06 17:14:18,,,,,,,,,,,,,,,,,,,,,,,,
2025-08-05,2.89,2.916,2.888,2.912,724301836.0,2109.17,0.97,0.76,0.022,0.0,510050,上证50ETF,2025-09-06 17:14:18,,,,,,,,,,,,,,,,,,,,,,,,
2025-08-04,2.868,2.891,2.867,2.89,479895160.0,1386.9,0.83,0.49,0.014,0.0,510050,上证50ETF,2025-09-06 17:14:18,,,,,,,,,,,,,,,,,,,,,,,,
2025-08-01,2.893,2.902,2.869,2.876,823513988.0,2368.43,1.14,-0.79,-0.023,0.0,510050,上证50ETF,2025-09-06 17:14:18,,,,,,,,,,,,,,,,,,,,,,,,
2025-07-31,2.934,2.934,2.888,2.899,946419985.0,2743.67,1.56,-1.5,-0.044,0.0,510050,上证50ETF,2025-09-06 17:14:18,,,,,,,,,,,,,,,,,,,,,,,,
2025-07-30,2.93,2.968,2.923,2.943,826165102.0,2431.4,1.53,0.31,0.009,0.0,510050,上证50ETF,2025-09-06 17:14:18,,,,,,,,,,,,,,,,,,,,,,,,
2025-07-29,2.925,2.938,2.916,2.934,520820030.0,1528.09,0.75,0.17,0.005,0.0,510050,上证50ETF,2025-09-06 17:14:18,,,,,,,,,,,,,,,,,,,,,,,,
2025-07-28,2.917,2.933,2.908,2.929,610284995.0,1787.52,0.86,0.45,0.013,0.0,510050,上证50ETF,2025-09-06 17:14:18,,,,,,,,,,,,,,,,,,,,,,,,
2025-07-25,2.933,2.933,2.907,2.916,572556124.0,1669.57,0.89,-0.58,-0.017,0.0,510050,上证50ETF,2025-09-06 17:14:18,,,,,,,,,,,,,,,,,,,,,,,,
2025-07-24,2.921,2.942,2.913,2.933,538146503.0,1578.38,0.99,0.41,0.012,0.0,510050,上证50ETF,2025-09-06 17:14:18,,,,,,,,,,,,,,,,,,,,,,,,
2025-07-23,2.915,2.946,2.914,2.921,726229354.0,2121.32,1.1,0.24,0.007,0.0,510050,上证50ETF,2025-09-06 17:14:18,,,,,,,,,,,,,,,,,,,,,,,,
2025-07-22,2.892,2.916,2.879,2.914,658976345.0,1920.26,1.28,0.83,0.024,0.0,510050,上证50ETF,2025-09-06 17:14:18,,,,,,,,,,,,,,,,,,,,,,,,
2025-07-21,2.887,2.896,2.88,2.89,573545405.0,1657.55,0.55,0.21,0.006,0.0,510050,上证50ETF,2025-09-06 17:14:18,,,,,,,,,,,,,,,,,,,,,,,,
2025-07-18,2.864,2.889,2.862,2.884,676731019.0,1951.69,0.94,0.87,0.025,0.0,510050,上证50ETF,2025-09-06 17:14:18,,,,,,,,,,,,,,,,,,,,,,,,
2025-07-17,2.849,2.86,2.845,2.859,381697779.0,1091.27,0.53,0.32,0.009,0.0,510050,上证50ETF,2025-09-06 17:14:18,,,,,,,,,,,,,,,,,,,,,,,,
2025-07-16,2.855,2.866,2.839,2.85,446635933.0,1272.91,0.95,-0.18,-0.005,0.0,510050,上证50ETF,2025-09-06 17:14:18,,,,,,,,,,,,,,,,,,,,,,,,
2025-07-15,2.869,2.876,2.839,2.855,632367442.0,1805.41,1.29,-0.49,-0.014,0.0,510050,上证50ETF,2025-09-06 17:14:18,,,,,,,,,,,,,,,,,,,,,,,,
2025-07-14,2.87,2.884,2.867,2.869,521790301.0,1497.02,0.59,-0.07,-0.002,0.0,510050,上证50ETF,2025-09-06 17:14:18,,,,,,,,,,,,,,,,,,,,,,,,
2025-07-11,2.86,2.918,2.858,2.871,1251123183.0,3591.97,2.1,0.45,0.013,0.0,510050,上证50ETF,2025-09-06 17:14:18,,,,,,,,,,,,,,,,,,,,,,,,
2025-07-10,2.839,2.879,2.838,2.858,559082930.0,1597.86,1.44,0.56,0.016,0.0,510050,上证50ETF,2025-09-06 17:14:18,,,,,,,,,,,,,,,,,,,,,,,,
2025-07-09,2.847,2.857,2.837,2.842,405370706.0,1152.06,0.7,-0.11,-0.003,0.0,510050,上证50ETF,2025-09-06 17:14:18,,,,,,,,,,,,,,,,,,,,,,,,
2025-07-08,2.827,2.85,2.827,2.845,458241093.0,1303.7,0.81,0.6,0.017,0.0,510050,上证50ETF,2025-09-06 17:14:18,,,,,,,,,,,,,,,,,,,,,,,,
2025-07-07,2.831,2.833,2.82,2.828,288204982.0,815.04,0.46,-0.28,-0.008,0.0,510050,上证50ETF,2025-09-06 17:14:18,,,,,,,,,,,,,,,,,,,,,,,,
2025-07-04,2.818,2.858,2.809,2.836,563123547.0,1597.02,1.74,0.57,0.016,0.0,510050,上证50ETF,2025-09-06 17:14:18,,,,,,,,,,,,,,,,,,,,,,,,
2025-07-03,2.818,2.823,2.808,2.82,225945711.0,637.17,0.53,0.14,0.004,0.0,510050,上证50ETF,2025-09-06 17:14:18,,,,,,,,,,,,,,,,,,,,,,,,
2025-07-02,2.811,2.823,2.804,2.816,413099449.0,1163.29,0.68,0.21,0.006,0.0,510050,上证50ETF,2025-09-06 17:14:18,,,,,,,,,,,,,,,,,,,,,,,,
2025-07-01,2.806,2.815,2.8,2.81,438817401.0,1233.08,0.53,0.11,0.003,0.0,510050,上证50ETF,2025-09-06 17:14:18,,,,,,,,,,,,,,,,,,,,,,,,
2025-06-30,2.795,2.809,2.787,2.807,789373449.0,2215.77,0.79,0.43,0.012,0.0,510050,上证50ETF,2025-09-06 17:14:18,,,,,,,,,,,,,,,,,,,,,,,,
2025-06-27,2.829,2.839,2.792,2.795,735136118.0,2054.71,1.66,-1.1,-0.031,0.0,510050,上证50ETF,2025-09-06 17:14:18,,,,,,,,,,,,,,,,,,,,,,,,
2025-06-26,2.83,2.834,2.822,2.826,591542718.0,1671.7,0.42,-0.21,-0.006,0.0,510050,上证50ETF,2025-09-06 17:14:18,,,,,,,,,,,,,,,,,,,,,,,,
2025-06-25,2.794,2.834,2.788,2.832,974126991.0,2758.73,1.65,1.43,0.04,0.0,510050,上证50ETF,2025-09-06 17:14:18,,,,,,,,,,,,,,,,,,,,,,,,
2025-06-24,2.762,2.81,2.761,2.792,958847700.0,2677.1,1.77,1.09,0.03,0.0,510050,上证50ETF,2025-09-06 17:14:18,,,,,,,,,,,,,,,,,,,,,,,,
2025-06-23,2.743,2.771,2.733,2.762,755015613.0,2085.35,1.38,0.47,0.013,0.0,510050,上证50ETF,2025-09-06 17:14:18,,,,,,,,,,,,,,,,,,,,,,,,
2025-06-20,2.735,2.755,2.734,2.749,788226011.0,2166.83,0.77,0.59,0.016,0.0,510050,上证50ETF,2025-09-06 17:14:18,,,,,,,,,,,,,,,,,,,,,,,,
2025-06-19,2.746,2.748,2.727,2.733,806218699.0,2203.4,0.76,-0.62,-0.017,0.0,510050,上证50ETF,2025-09-06 17:14:18,,,,,,,,,,,,,,,,,,,,,,,,
2025-06-18,2.752,2.76,2.739,2.75,427677032.0,1176.11,0.76,-0.11,-0.003,0.0,510050,上证50ETF,2025-09-06 17:14:18,,,,,,,,,,,,,,,,,,,,,,,,
2025-06-17,2.752,2.756,2.74,2.753,571268034.0,1572.7,0.58,0.0,0.0,0.0,510050,上证50ETF,2025-09-06 17:14:18,,,,,,,,,,,,,,,,,,,,,,,,
2025-06-16,2.737,2.757,2.735,2.753,578828372.0,1593.51,0.8,0.25,0.007,0.0,510050,上证50ETF,2025-09-06 17:14:18,,,,,,,,,,,,,,,,,,,,,,,,
2025-06-13,2.755,2.76,2.736,2.746,651201333.0,1788.2,0.87,-0.51,-0.014,0.0,510050,上证50ETF,2025-09-06 17:14:18,,,,,,,,,,,,,,,,,,,,,,,,
2025-06-12,2.758,2.766,2.741,2.76,392650273.0,1083.71,0.91,-0.07,-0.002,0.0,510050,上证50ETF,2025-09-06 17:14:18,,,,,,,,,,,,,,,,,,,,,,,,
2025-06-11,2.742,2.776,2.741,2.762,585072791.0,1615.97,1.28,0.73,0.02,0.0,510050,上证50ETF,2025-09-06 17:14:18,,,,,,,,,,,,,,,,,,,,,,,,
2025-06-10,2.758,2.767,2.735,2.742,917943537.0,2517.0,1.16,-0.51,-0.014,0.0,510050,上证50ETF,2025-09-06 17:14:18,,,,,,,,,,,,,,,,,,,,,,,,
2025-06-09,2.758,2.767,2.747,2.756,709788198.0,1956.18,0.73,0.0,0.0,0.0,510050,上证50ETF,2025-09-06 17:14:18,,,,,,,,,,,,,,,,,,,,,,,,
2025-06-06,2.758,2.768,2.751,2.756,506736659.0,1396.57,0.62,0.07,0.002,0.0,510050,上证50ETF,2025-09-06 17:14:18,,,,,,,,,,,,,,,,,,,,,,,,
2025-06-05,2.76,2.761,2.745,2.754,416479500.0,1146.98,0.58,-0.04,-0.001,0.0,510050,上证50ETF,2025-09-06 17:14:18,,,,,,,,,,,,,,,,,,,,,,,,
2025-06-04,2.751,2.764,2.748,2.755,318023306.0,876.15,0.58,0.25,0.007,0.0,510050,上证50ETF,2025-09-06 17:14:18,,,,,,,,,,,,,,,,,,,,,,,,
2025-06-03,2.74,2.761,2.734,2.748,501260254.0,1377.46,0.98,-0.04,-0.001,0.0,510050,上证50ETF,2025-09-06 17:14:18,,,,,,,,,,,,,,,,,,,,,,,,
2025-05-30,2.753,2.758,2.73,2.749,884995116.0,2432.85,1.02,-0.18,-0.005,0.0,510050,上证50ETF,2025-09-06 17:14:18,,,,,,,,,,,,,,,,,,,,,,,,
2025-05-29,2.748,2.769,2.741,2.754,882087471.0,2429.27,1.02,0.25,0.007,0.0,510050,上证50ETF,2025-09-06 17:14:18,,,,,,,,,,,,,,,,,,,,,,,,
2025-05-28,2.75,2.754,2.743,2.747,334195700.0,918.04,0.4,-0.11,-0.003,0.0,510050,上证50ETF,2025-09-06 17:14:18,,,,,,,,,,,,,,,,,,,,,,,,
2025-05-27,2.763,2.771,2.747,2.75,417125746.0,1147.1,0.87,-0.51,-0.014,0.0,510050,上证50ETF,2025-09-06 17:14:18,,,,,,,,,,,,,,,,,,,,,,,,
2025-05-26,2.77,2.785,2.756,2.764,473676185.0,1309.24,1.05,-0.4,-0.011,0.0,510050,上证50ETF,2025-09-06 17:14:18,,,,,,,,,,,,,,,,,,,,,,,,
2025-05-23,2.794,2.807,2.773,2.775,505854295.0,1403.75,1.22,-0.75,-0.021,0.0,510050,上证50ETF,2025-09-06 17:14:18,,,,,,,,,,,,,,,,,,,,,,,,
2025-05-22,2.788,2.802,2.781,2.796,247053766.0,690.76,0.75,0.11,0.003,0.0,510050,上证50ETF,2025-09-06 17:14:18,,,,,,,,,,,,,,,,,,,,,,,,
2025-05-21,2.78,2.804,2.78,2.793,428172019.0,1195.88,0.86,0.47,0.013,0.0,510050,上证50ETF,2025-09-06 17:14:18,,,,,,,,,,,,,,,,,,,,,,,,
2025-05-20,2.77,2.793,2.769,2.78,366660806.0,1019.32,0.87,0.4,0.011,0.0,510050,上证50ETF,2025-09-06 17:14:18,,,,,,,,,,,,,,,,,,,,,,,,
2025-05-19,2.77,2.778,2.762,2.769,465527214.0,1289.04,0.58,-0.32,-0.009,0.0,510050,上证50ETF,2025-09-06 17:14:18,,,,,,,,,,,,,,,,,,,,,,,,
2025-05-16,2.798,2.804,2.767,2.778,690061920.0,1916.99,1.32,-0.89,-0.025,0.0,510050,上证50ETF,2025-09-06 17:14:18,,,,,,,,,,,,,,,,,,,,,,,,
2025-05-15,2.813,2.821,2.798,2.803,811279532.0,2274.02,0.82,-0.5,-0.014,0.0,510050,上证50ETF,2025-09-06 17:14:18,,,,,,,,,,,,,,,,,,,,,,,,
2025-05-14,2.771,2.832,2.769,2.817,1254648913.0,3534.35,2.28,1.73,0.048,0.0,510050,上证50ETF,2025-09-06 17:14:18,,,,,,,,,,,,,,,,,,,,,,,,
2025-05-13,2.774,2.774,2.762,2.769,575800924.0,1594.39,0.43,0.22,0.006,0.0,510050,上证50ETF,2025-09-06 17:14:18,,,,,,,,,,,,,,,,,,,,,,,,
2025-05-12,2.75,2.774,2.744,2.763,726418144.0,2007.09,1.09,0.69,0.019,0.0,510050,上证50ETF,2025-09-06 17:14:18,,,,,,,,,,,,,,,,,,,,,,,,
2025-05-09,2.738,2.75,2.737,2.744,512043246.0,1405.05,0.47,0.07,0.002,0.0,510050,上证50ETF,2025-09-06 17:14:18,,,,,,,,,,,,,,,,,,,,,,,,
2025-05-08,2.724,2.757,2.721,2.742,797600557.0,2187.02,1.32,0.4,0.011,0.0,510050,上证50ETF,2025-09-06 17:14:18,,,,,,,,,,,,,,,,,,,,,,,,
2025-05-07,2.739,2.745,2.715,2.731,1220931662.0,3334.36,1.11,0.89,0.024,0.0,510050,上证50ETF,2025-09-06 17:14:18,,,,,,,,,,,,,,,,,,,,,,,,
2025-05-06,2.709,2.71,2.694,2.707,505829535.0,1369.28,0.59,0.52,0.014,0.0,510050,上证50ETF,2025-09-06 17:14:18,,,,,,,,,,,,,,,,,,,,,,,,
2025-04-30,2.706,2.713,2.692,2.693,556827770.0,1499.54,0.78,-0.48,-0.013,0.0,510050,上证50ETF,2025-09-06 17:14:18,,,,,,,,,,,,,,,,,,,,,,,,
2025-04-29,2.71,2.715,2.7,2.706,384683681.0,1040.95,0.55,-0.18,-0.005,0.0,510050,上证50ETF,2025-09-06 17:14:18,,,,,,,,,,,,,,,,,,,,,,,,
2025-04-28,2.705,2.718,2.694,2.711,519959272.0,1409.61,0.89,0.04,0.001,0.0,510050,上证50ETF,2025-09-06 17:14:18,,,,,,,,,,,,,,,,,,,,,,,,
2025-04-25,2.717,2.724,2.702,2.71,665365946.0,1803.14,0.81,-0.18,-0.005,0.0,510050,上证50ETF,2025-09-06 17:14:18,,,,,,,,,,,,,,,,,,,,,,,,
2025-04-24,2.708,2.726,2.707,2.715,594161105.0,1613.15,0.7,0.26,0.007,0.0,510050,上证50ETF,2025-09-06 17:14:18,,,,,,,,,,,,,,,,,,,,,,,,
2025-04-23,2.723,2.726,2.704,2.708,495159980.0,1340.89,0.81,-0.29,-0.008,0.0,510050,上证50ETF,2025-09-06 17:14:18,,,,,,,,,,,,,,,,,,,,,,,,
2025-04-22,2.71,2.727,2.709,2.716,610666215.0,1658.57,0.66,0.18,0.005,0.0,510050,上证50ETF,2025-09-06 17:14:18,,,,,,,,,,,,,,,,,,,,,,,,
2025-04-21,2.715,2.732,2.711,2.711,630351348.0,1708.88,0.77,-0.33,-0.009,0.0,510050,上证50ETF,2025-09-06 17:14:18,,,,,,,,,,,,,,,,,,,,,,,,
2025-04-18,2.71,2.727,2.705,2.72,1301806702.0,3540.91,0.81,0.07,0.002,0.0,510050,上证50ETF,2025-09-06 17:14:18,,,,,,,,,,,,,,,,,,,,,,,,
2025-04-17,2.702,2.746,2.699,2.718,1166330905.0,3170.09,1.73,0.11,0.003,0.0,510050,上证50ETF,2025-09-06 17:14:18,,,,,,,,,,,,,,,,,,,,,,,,
2025-04-16,2.69,2.721,2.673,2.715,2312658038.0,6278.87,1.78,0.89,0.024,0.0,510050,上证50ETF,2025-09-06 17:14:18,,,,,,,,,,,,,,,,,,,,,,,,
2025-04-15,2.681,2.696,2.671,2.691,1020705703.0,2746.72,0.93,0.22,0.006,0.0,510050,上证50ETF,2025-09-06 17:14:18,,,,,,,,,,,,,,,,,,,,,,,,
2025-04-14,2.679,2.693,2.669,2.685,460198204.0,1235.63,0.9,0.3,0.008,0.0,510050,上证50ETF,2025-09-06 17:14:18,,,,,,,,,,,,,,,,,,,,,,,,
2025-04-11,2.661,2.68,2.652,2.677,1105871129.0,2960.42,1.05,0.19,0.005,0.0,510050,上证50ETF,2025-09-06 17:14:18,,,,,,,,,,,,,,,,,,,,,,,,
2025-04-10,2.675,2.679,2.648,2.672,876924622.0,2343.14,1.17,0.91,0.024,0.0,510050,上证50ETF,2025-09-06 17:14:18,,,,,,,,,,,,,,,,,,,,,,,,
2025-04-09,2.61,2.653,2.594,2.648,1503722613.0,3981.86,2.25,0.76,0.02,0.0,510050,上证50ETF,2025-09-06 17:14:18,,,,,,,,,,,,,,,,,,,,,,,,
2025-04-08,2.571,2.629,2.564,2.628,3556315317.0,9346.0,2.53,2.22,0.057,0.0,510050,上证50ETF,2025-09-06 17:14:18,,,,,,,,,,,,,,,,,,,,,,,,
2025-04-07,2.62,2.66,2.49,2.571,3704080052.0,9523.19,6.25,-5.48,-0.149,0.0,510050,上证50ETF,2025-09-06 17:14:18,,,,,,,,,,,,,,,,,,,,,,,,
2025-04-03,2.696,2.731,2.693,2.72,689607319.0,1875.73,1.4,0.15,0.004,0.0,510050,上证50ETF,2025-09-06 17:14:18,,,,,,,,,,,,,,,,,,,,,,,,
2025-04-02,2.718,2.729,2.711,2.716,375959813.0,1021.11,0.66,-0.18,-0.005,0.0,510050,上证50ETF,2025-09-06 17:14:18,,,,,,,,,,,,,,,,,,,,,,,,
2025-04-01,2.726,2.735,2.718,2.721,457242281.0,1244.16,0.62,-0.15,-0.004,0.0,510050,上证50ETF,2025-09-06 17:14:18,,,,,,,,,,,,,,,,,,,,,,,,
2025-03-31,2.733,2.752,2.716,2.725,842143480.0,2294.84,1.31,-0.47,-0.013,0.0,510050,上证50ETF,2025-09-06 17:14:18,,,,,,,,,,,,,,,,,,,,,,,,
2025-03-28,2.749,2.753,2.73,2.738,545554555.0,1493.73,0.84,-0.44,-0.012,0.0,510050,上证50ETF,2025-09-06 17:14:18,,,,,,,,,,,,,,,,,,,,,,,,
2025-03-27,2.735,2.765,2.732,2.75,678026306.0,1864.57,1.21,0.51,0.014,0.0,510050,上证50ETF,2025-09-06 17:14:18,,,,,,,,,,,,,,,,,,,,,,,,
2025-03-26,2.751,2.757,2.733,2.736,791287339.0,2164.96,0.87,-0.58,-0.016,0.0,510050,上证50ETF,2025-09-06 17:14:18,,,,,,,,,,,,,,,,,,,,,,,,
2025-03-25,2.755,2.758,2.745,2.752,595996025.0,1640.18,0.47,0.0,0.0,0.0,510050,上证50ETF,2025-09-06 17:14:18,,,,,,,,,,,,,,,,,,,,,,,,
2025-03-24,2.733,2.755,2.732,2.752,636681140.0,1752.15,0.84,0.66,0.018,0.0,510050,上证50ETF,2025-09-06 17:14:18,,,,,,,,,,,,,,,,,,,,,,,,
2025-03-21,2.772,2.782,2.726,2.734,1013360003.0,2770.53,2.02,-1.62,-0.045,0.0,510050,上证50ETF,2025-09-06 17:14:18,,,,,,,,,,,,,,,,,,,,,,,,
2025-03-20,2.81,2.811,2.772,2.779,775311589.0,2154.59,1.39,-1.07,-0.03,0.0,510050,上证50ETF,2025-09-06 17:14:18,,,,,,,,,,,,,,,,,,,,,,,,
2025-03-19,2.797,2.819,2.794,2.809,621957127.0,1747.08,0.89,0.32,0.009,0.0,510050,上证50ETF,2025-09-06 17:14:18,,,,,,,,,,,,,,,,,,,,,,,,
2025-03-18,2.807,2.813,2.797,2.8,453365959.0,1269.42,0.57,0.07,0.002,0.0,510050,上证50ETF,2025-09-06 17:14:18,,,,,,,,,,,,,,,,,,,,,,,,
2025-03-17,2.812,2.818,2.793,2.798,649356298.0,1816.9,0.89,-0.18,-0.005,0.0,510050,上证50ETF,2025-09-06 17:14:18,,,,,,,,,,,,,,,,,,,,,,,,
2025-03-14,2.728,2.809,2.728,2.803,1551468313.0,4348.77,2.97,2.94,0.08,0.0,510050,上证50ETF,2025-09-06 17:14:18,,,,,,,,,,,,,,,,,,,,,,,,
2025-03-13,2.729,2.742,2.712,2.723,572465155.0,1558.82,1.1,-0.26,-0.007,0.0,510050,上证50ETF,2025-09-06 17:14:18,,,,,,,,,,,,,,,,,,,,,,,,
2025-03-12,2.739,2.746,2.724,2.73,546302832.0,1491.41,0.8,-0.33,-0.009,0.0,510050,上证50ETF,2025-09-06 17:14:18,,,,,,,,,,,,,,,,,,,,,,,,
2025-03-11,2.71,2.74,2.705,2.739,616194298.0,1687.76,1.28,0.44,0.012,0.0,510050,上证50ETF,2025-09-06 17:14:18,,,,,,,,,,,,,,,,,,,,,,,,
2025-03-10,2.739,2.741,2.709,2.727,1276371343.0,3480.66,1.17,-0.44,-0.012,0.0,510050,上证50ETF,2025-09-06 17:14:18,,,,,,,,,,,,,,,,,,,,,,,,
2025-03-07,2.738,2.754,2.733,2.739,701240610.0,1920.7,0.77,-0.04,-0.001,0.0,510050,上证50ETF,2025-09-06 17:14:18,,,,,,,,,,,,,,,,,,,,,,,,
2025-03-06,2.709,2.75,2.708,2.74,1192574641.0,3267.65,1.56,1.59,0.043,0.0,510050,上证50ETF,2025-09-06 17:14:18,,,,,,,,,,,,,,,,,,,,,,,,
2025-03-05,2.679,2.702,2.675,2.697,727997432.0,1963.41,1.01,0.71,0.019,0.0,510050,上证50ETF,2025-09-06 17:14:18,,,,,,,,,,,,,,,,,,,,,,,,
2025-03-04,2.675,2.686,2.665,2.678,533622465.0,1429.04,0.78,-0.3,-0.008,0.0,510050,上证50ETF,2025-09-06 17:14:18,,,,,,,,,,,,,,,,,,,,,,,,
2025-03-03,2.704,2.715,2.677,2.686,766095121.0,2057.73,1.4,-0.7,-0.019,0.0,510050,上证50ETF,2025-09-06 17:14:18,,,,,,,,,,,,,,,,,,,,,,,,
2025-02-28,2.732,2.75,2.699,2.705,999051264.0,2702.43,1.86,-1.28,-0.035,0.0,510050,上证50ETF,2025-09-06 17:14:18,,,,,,,,,,,,,,,,,,,,,,,,
2025-02-27,2.725,2.742,2.714,2.74,726797855.0,1991.43,1.03,0.51,0.014,0.0,510050,上证50ETF,2025-09-06 17:14:18,,,,,,,,,,,,,,,,,,,,,,,,
2025-02-26,2.707,2.728,2.703,2.726,682919074.0,1861.64,0.92,0.85,0.023,0.0,510050,上证50ETF,2025-09-06 17:14:18,,,,,,,,,,,,,,,,,,,,,,,,
2025-02-25,2.718,2.722,2.694,2.703,756265852.0,2044.19,1.03,-1.03,-0.028,0.0,510050,上证50ETF,2025-09-06 17:14:18,,,,,,,,,,,,,,,,,,,,,,,,
2025-02-24,2.74,2.75,2.718,2.731,1067669144.0,2915.8,1.17,-0.47,-0.013,0.0,510050,上证50ETF,2025-09-06 17:14:18,,,,,,,,,,,,,,,,,,,,,,,,
2025-02-21,2.716,2.748,2.707,2.744,960707839.0,2636.18,1.51,1.33,0.036,0.0,510050,上证50ETF,2025-09-06 17:14:18,,,,,,,,,,,,,,,,,,,,,,,,
2025-02-20,2.719,2.719,2.699,2.708,571853314.0,1548.58,0.73,-0.51,-0.014,0.0,510050,上证50ETF,2025-09-06 17:14:18,,,,,,,,,,,,,,,,,,,,,,,,
2025-02-19,2.707,2.734,2.7,2.722,671784058.0,1828.6,1.25,0.33,0.009,0.0,510050,上证50ETF,2025-09-06 17:14:18,,,,,,,,,,,,,,,,,,,,,,,,
2025-02-18,2.72,2.738,2.702,2.713,1041517081.0,2825.64,1.32,-0.37,-0.01,0.0,510050,上证50ETF,2025-09-06 17:14:18,,,,,,,,,,,,,,,,,,,,,,,,
2025-02-17,2.725,2.732,2.704,2.723,1070211311.0,2914.19,1.03,0.15,0.004,0.0,510050,上证50ETF,2025-09-06 17:14:18,,,,,,,,,,,,,,,,,,,,,,,,
2025-02-14,2.698,2.723,2.693,2.719,934572447.0,2541.1,1.11,0.63,0.017,0.0,510050,上证50ETF,2025-09-06 17:14:18,,,,,,,,,,,,,,,,,,,,,,,,
2025-02-13,2.696,2.724,2.692,2.702,927506361.0,2506.12,1.19,0.15,0.004,0.0,510050,上证50ETF,2025-09-06 17:14:18,,,,,,,,,,,,,,,,,,,,,,,,
2025-02-12,2.67,2.704,2.665,2.698,717588663.0,1936.05,1.46,1.01,0.027,0.0,510050,上证50ETF,2025-09-06 17:14:18,,,,,,,,,,,,,,,,,,,,,,,,
2025-02-11,2.683,2.684,2.664,2.671,772063815.0,2062.18,0.75,-0.26,-0.007,0.0,510050,上证50ETF,2025-09-06 17:14:18,,,,,,,,,,,,,,,,,,,,,,,,
2025-02-10,2.668,2.687,2.664,2.678,604463923.0,1618.75,0.86,0.37,0.01,0.0,510050,上证50ETF,2025-09-06 17:14:18,,,,,,,,,,,,,,,,,,,,,,,,
2025-02-07,2.636,2.685,2.627,2.668,1345050213.0,3588.59,2.2,1.14,0.03,0.0,510050,上证50ETF,2025-09-06 17:14:18,,,,,,,,,,,,,,,,,,,,,,,,
2025-02-06,2.619,2.645,2.612,2.638,892169839.0,2353.54,1.26,0.73,0.019,0.0,510050,上证50ETF,2025-09-06 17:14:18,,,,,,,,,,,,,,,,,,,,,,,,
2025-02-05,2.655,2.658,2.613,2.619,1129019112.0,2956.9,1.7,-0.91,-0.024,0.0,510050,上证50ETF,2025-09-06 17:14:18,,,,,,,,,,,,,,,,,,,,,,,,
2025-01-27,2.642,2.655,2.638,2.643,1162083729.0,3071.39,0.64,0.19,0.005,0.0,510050,上证50ETF,2025-09-06 17:14:18,,,,,,,,,,,,,,,,,,,,,,,,
2025-01-24,2.622,2.654,2.618,2.638,974716877.0,2571.3,1.37,0.57,0.015,0.0,510050,上证50ETF,2025-09-06 17:14:18,,,,,,,,,,,,,,,,,,,,,,,,
2025-01-23,2.623,2.664,2.618,2.623,1328941637.0,3485.81,1.76,0.61,0.016,0.0,510050,上证50ETF,2025-09-06 17:14:18,,,,,,,,,,,,,,,,,,,,,,,,
2025-01-22,2.639,2.64,2.597,2.607,1147586736.0,2991.76,1.63,-1.25,-0.033,0.0,510050,上证50ETF,2025-09-06 17:14:18,,,,,,,,,,,,,,,,,,,,,,,,
2025-01-21,2.652,2.654,2.632,2.64,474730245.0,1253.29,0.83,-0.11,-0.003,0.0,510050,上证50ETF,2025-09-06 17:14:18,,,,,,,,,,,,,,,,,,,,,,,,
2025-01-20,2.65,2.665,2.637,2.643,649137394.0,1715.67,1.06,0.23,0.006,0.0,510050,上证50ETF,2025-09-06 17:14:18,,,,,,,,,,,,,,,,,,,,,,,,
2025-01-17,2.63,2.651,2.616,2.637,618677585.0,1631.45,1.33,0.0,0.0,0.0,510050,上证50ETF,2025-09-06 17:14:18,,,,,,,,,,,,,,,,,,,,,,,,
2025-01-16,2.652,2.671,2.625,2.637,894962989.0,2360.02,1.74,-0.34,-0.009,0.0,510050,上证50ETF,2025-09-06 17:14:18,,,,,,,,,,,,,,,,,,,,,,,,
2025-01-15,2.646,2.66,2.64,2.646,650967623.0,1722.46,0.75,-0.23,-0.006,0.0,510050,上证50ETF,2025-09-06 17:14:18,,,,,,,,,,,,,,,,,,,,,,,,
2025-01-14,2.611,2.662,2.604,2.652,1187705304.0,3149.79,2.22,1.73,0.045,0.0,510050,上证50ETF,2025-09-06 17:14:18,,,,,,,,,,,,,,,,,,,,,,,,
2025-01-13,2.603,2.616,2.586,2.607,723067395.0,1885.04,1.15,-0.31,-0.008,0.0,510050,上证50ETF,2025-09-06 17:14:18,,,,,,,,,,,,,,,,,,,,,,,,
2025-01-10,2.636,2.651,2.613,2.615,930070680.0,2432.13,1.44,-0.87,-0.023,0.0,510050,上证50ETF,2025-09-06 17:14:18,,,,,,,,,,,,,,,,,,,,,,,,
2025-01-09,2.649,2.651,2.627,2.638,773678884.0,2040.96,0.91,-0.49,-0.013,0.0,510050,上证50ETF,2025-09-06 17:14:18,,,,,,,,,,,,,,,,,,,,,,,,
2025-01-08,2.642,2.667,2.619,2.651,1218275306.0,3229.65,1.81,0.23,0.006,0.0,510050,上证50ETF,2025-09-06 17:14:18,,,,,,,,,,,,,,,,,,,,,,,,
2025-01-07,2.629,2.648,2.62,2.645,657002305.0,1737.77,1.06,0.57,0.015,0.0,510050,上证50ETF,2025-09-06 17:14:18,,,,,,,,,,,,,,,,,,,,,,,,
2025-01-06,2.641,2.646,2.607,2.63,1073726962.0,2823.9,1.48,-0.42,-0.011,0.0,510050,上证50ETF,2025-09-06 17:14:18,,,,,,,,,,,,,,,,,,,,,,,,
2025-01-03,2.663,2.672,2.629,2.641,934897349.0,2469.06,1.61,-0.97,-0.026,0.0,510050,上证50ETF,2025-09-06 17:14:18,,,,,,,,,,,,,,,,,,,,,,,,
2025-01-02,2.733,2.738,2.645,2.667,1240283327.0,3307.84,3.4,-2.59,-0.071,0.0,510050,上证50ETF,2025-09-06 17:14:18,,,,,,,,,,,,,,,,,,,,,,,,
2024-12-31,2.772,2.779,2.736,2.738,1560391119.0,4272.35,1.55,-1.26,-0.035,0.0,510050,上证50ETF,2025-09-06 17:14:18,,,,,,,,,,,,,,,,,,,,,,,,
2024-12-30,2.754,2.778,2.754,2.773,777244919.0,2155.3,0.87,0.69,0.019,0.0,510050,上证50ETF,2025-09-06 17:14:18,,,,,,,,,,,,,,,,,,,,,,,,
2024-12-27,2.754,2.769,2.74,2.754,611745894.0,1684.75,1.05,-0.11,-0.003,0.0,510050,上证50ETF,2025-09-06 17:14:18,,,,,,,,,,,,,,,,,,,,,,,,
2024-12-26,2.763,2.765,2.748,2.757,631320236.0,1740.55,0.62,-0.25,-0.007,0.0,510050,上证50ETF,2025-09-06 17:14:18,,,,,,,,,,,,,,,,,,,,,,,,
2024-12-25,2.76,2.778,2.753,2.764,1027326336.0,2839.53,0.91,0.4,0.011,0.0,510050,上证50ETF,2025-09-06 17:14:18,,,,,,,,,,,,,,,,,,,,,,,,
2024-12-24,2.728,2.759,2.717,2.753,858261891.0,2362.79,1.54,1.06,0.029,0.0,510050,上证50ETF,2025-09-06 17:14:18,,,,,,,,,,,,,,,,,,,,,,,,
2024-12-23,2.701,2.741,2.701,2.724,1446043377.0,3939.02,1.48,0.85,0.023,0.0,510050,上证50ETF,2025-09-06 17:14:18,,,,,,,,,,,,,,,,,,,,,,,,
2024-12-20,2.705,2.722,2.695,2.701,948753866.0,2562.58,1.0,-0.3,-0.008,0.0,510050,上证50ETF,2025-09-06 17:14:18,,,,,,,,,,,,,,,,,,,,,,,,
2024-12-19,2.7,2.719,2.687,2.709,562015517.0,1522.5,1.18,-0.37,-0.01,0.0,510050,上证50ETF,2025-09-06 17:14:18,,,,,,,,,,,,,,,,,,,,,,,,
2024-12-18,2.709,2.728,2.709,2.719,843209274.0,2292.69,0.7,0.7,0.019,0.0,510050,上证50ETF,2025-09-06 17:14:18,,,,,,,,,,,,,,,,,,,,,,,,
2024-12-17,2.682,2.722,2.682,2.7,1087102930.0,2935.18,1.49,0.52,0.014,0.0,510050,上证50ETF,2025-09-06 17:14:18,,,,,,,,,,,,,,,,,,,,,,,,
2024-12-16,2.69,2.694,2.68,2.686,835376507.0,2243.82,0.52,-0.15,-0.004,0.0,510050,上证50ETF,2025-09-06 17:14:18,,,,,,,,,,,,,,,,,,,,,,,,
2024-12-13,2.741,2.742,2.682,2.69,1717695328.0,4620.6,2.18,-2.43,-0.067,0.0,510050,上证50ETF,2025-09-06 17:14:18,,,,,,,,,,,,,,,,,,,,,,,,
2024-12-12,2.728,2.758,2.72,2.757,873553639.0,2408.39,1.39,1.14,0.031,0.0,510050,上证50ETF,2025-09-06 17:14:18,,,,,,,,,,,,,,,,,,,,,,,,
2024-12-11,2.737,2.747,2.722,2.726,673784940.0,1836.74,0.91,-0.66,-0.018,0.0,510050,上证50ETF,2025-09-06 17:14:18,,,,,,,,,,,,,,,,,,,,,,,,
2024-12-10,2.799,2.81,2.735,2.744,1298444788.0,3562.93,2.76,0.92,0.025,0.0,510050,上证50ETF,2025-09-06 17:14:18,,,,,,,,,,,,,,,,,,,,,,,,
2024-12-09,2.713,2.74,2.707,2.719,669583470.0,1820.6,1.22,0.11,0.003,0.0,510050,上证50ETF,2025-09-06 17:14:18,,,,,,,,,,,,,,,,,,,,,,,,
2024-12-06,2.688,2.736,2.681,2.716,967932149.0,2628.9,2.05,1.08,0.029,0.0,510050,上证50ETF,2025-09-06 17:14:18,,,,,,,,,,,,,,,,,,,,,,,,
2024-12-05,2.69,2.7,2.679,2.687,413820520.0,1111.94,0.78,-0.44,-0.012,0.0,510050,上证50ETF,2025-09-06 17:14:18,,,,,,,,,,,,,,,,,,,,,,,,
2024-12-04,2.699,2.712,2.687,2.699,924946202.0,2496.43,0.93,-0.11,-0.003,0.0,510050,上证50ETF,2025-09-06 17:14:18,,,,,,,,,,,,,,,,,,,,,,,,
2024-12-03,2.688,2.71,2.675,2.702,801204634.0,2164.85,1.3,0.52,0.014,0.0,510050,上证50ETF,2025-09-06 17:14:18,,,,,,,,,,,,,,,,,,,,,,,,
2024-12-02,2.678,2.697,2.663,2.688,799280265.0,2148.47,1.24,-1.61,-0.044,0.0,510050,上证50ETF,2025-09-06 17:14:18,,,,,,,,,,,,,,,,,,,,,,,,
2024-11-29,2.717,2.767,2.716,2.732,1162631173.0,3176.31,1.88,0.59,0.016,0.0,510050,上证50ETF,2025-09-06 17:14:18,,,,,,,,,,,,,,,,,,,,,,,,
2024-11-28,2.731,2.736,2.701,2.716,913282800.0,2480.48,1.28,-0.48,-0.013,0.0,510050,上证50ETF,2025-09-06 17:14:18,,,,,,,,,,,,,,,,,,,,,,,,
2024-11-27,2.697,2.731,2.687,2.729,1104712619.0,3014.76,1.63,1.19,0.032,0.0,510050,上证50ETF,2025-09-06 17:14:18,,,,,,,,,,,,,,,,,,,,,,,,
2024-11-26,2.677,2.714,2.676,2.697,839971050.0,2265.4,1.41,0.37,0.01,0.0,510050,上证50ETF,2025-09-06 17:14:18,,,,,,,,,,,,,,,,,,,,,,,,
2024-11-25,2.712,2.727,2.672,2.687,1322431600.0,3553.37,2.03,-0.85,-0.023,0.0,510050,上证50ETF,2025-09-06 17:14:18,,,,,,,,,,,,,,,,,,,,,,,,
2024-11-22,2.787,2.792,2.704,2.71,1313065600.0,3558.41,3.15,-2.9,-0.081,0.0,510050,上证50ETF,2025-09-06 17:14:18,,,,,,,,,,,,,,,,,,,,,,,,
2024-11-21,2.78,2.795,2.772,2.791,738982704.0,2062.5,0.83,0.25,0.007,0.0,510050,上证50ETF,2025-09-06 17:14:18,,,,,,,,,,,,,,,,,,,,,,,,
2024-11-20,2.772,2.794,2.764,2.784,854979945.0,2380.26,1.08,0.22,0.006,0.0,510050,上证50ETF,2025-09-06 17:14:18,,,,,,,,,,,,,,,,,,,,,,,,
2024-11-19,2.786,2.793,2.743,2.778,919468916.0,2554.28,1.79,-0.43,-0.012,0.0,510050,上证50ETF,2025-09-06 17:14:18,,,,,,,,,,,,,,,,,,,,,,,,
2024-11-18,2.789,2.835,2.776,2.79,1199619816.0,3346.94,2.12,0.43,0.012,0.0,510050,上证50ETF,2025-09-06 17:14:18,,,,,,,,,,,,,,,,,,,,,,,,
2024-11-15,2.808,2.821,2.777,2.778,1394418910.0,3873.7,1.56,-1.28,-0.036,0.0,510050,上证50ETF,2025-09-06 17:14:18,,,,,,,,,,,,,,,,,,,,,,,,
2024-11-14,2.829,2.856,2.808,2.814,1277206161.0,3594.06,1.69,-0.85,-0.024,0.0,510050,上证50ETF,2025-09-06 17:14:18,,,,,,,,,,,,,,,,,,,,,,,,
2024-11-13,2.809,2.849,2.807,2.838,1154336900.0,3276.01,1.49,0.57,0.016,0.0,510050,上证50ETF,2025-09-06 17:14:18,,,,,,,,,,,,,,,,,,,,,,,,
2024-11-12,2.858,2.894,2.809,2.822,1340968801.0,3784.21,2.97,-1.47,-0.042,0.0,510050,上证50ETF,2025-09-06 17:14:18,,,,,,,,,,,,,,,,,,,,,,,,
2024-11-11,2.856,2.868,2.821,2.864,1206051001.0,3454.13,1.63,-0.62,-0.018,0.0,510050,上证50ETF,2025-09-06 17:14:18,,,,,,,,,,,,,,,,,,,,,,,,
2024-11-08,2.936,2.95,2.868,2.882,1856141137.0,5349.4,2.8,-1.47,-0.043,0.0,510050,上证50ETF,2025-09-06 17:14:18,,,,,,,,,,,,,,,,,,,,,,,,
2024-11-07,2.797,2.928,2.796,2.925,1970369910.0,5763.33,4.68,3.8,0.107,0.0,510050,上证50ETF,2025-09-06 17:14:18,,,,,,,,,,,,,,,,,,,,,,,,
2024-11-06,2.84,2.857,2.8,2.818,1328726061.0,3744.35,2.01,-0.81,-0.023,0.0,510050,上证50ETF,2025-09-06 17:14:18,,,,,,,,,,,,,,,,,,,,,,,,
2024-11-05,2.778,2.842,2.768,2.841,1547429477.0,4396.25,2.66,2.01,0.056,0.0,510050,上证50ETF,2025-09-06 17:14:18,,,,,,,,,,,,,,,,,,,,,,,,
2024-11-04,2.765,2.787,2.741,2.785,710692644.0,1979.28,1.67,0.83,0.023,0.0,510050,上证50ETF,2025-09-06 17:14:18,,,,,,,,,,,,,,,,,,,,,,,,
2024-11-01,2.735,2.783,2.735,2.762,1380755868.0,3813.65,1.75,0.77,0.021,0.0,510050,上证50ETF,2025-09-06 17:14:18,,,,,,,,,,,,,,,,,,,,,,,,
2024-10-31,2.743,2.763,2.721,2.741,1068979936.0,2930.07,1.53,-0.07,-0.002,0.0,510050,上证50ETF,2025-09-06 17:14:18,,,,,,,,,,,,,,,,,,,,,,,,
2024-10-30,2.769,2.784,2.731,2.743,1015042714.0,2784.26,1.91,-1.3,-0.036,0.0,510050,上证50ETF,2025-09-06 17:14:18,,,,,,,,,,,,,,,,,,,,,,,,
2024-10-29,2.798,2.824,2.772,2.779,1105529001.0,3072.27,1.86,-0.57,-0.016,0.0,510050,上证50ETF,2025-09-06 17:14:18,,,,,,,,,,,,,,,,,,,,,,,,
2024-10-28,2.792,2.796,2.764,2.795,820462517.0,2293.19,1.15,0.07,0.002,0.0,510050,上证50ETF,2025-09-06 17:14:18,,,,,,,,,,,,,,,,,,,,,,,,
2024-10-25,2.789,2.816,2.778,2.793,944324741.0,2637.5,1.36,0.14,0.004,0.0,510050,上证50ETF,2025-09-06 17:14:18,,,,,,,,,,,,,,,,,,,,,,,,
2024-10-24,2.804,2.809,2.777,2.789,1072730596.0,2991.85,1.14,-0.99,-0.028,0.0,510050,上证50ETF,2025-09-06 17:14:18,,,,,,,,,,,,,,,,,,,,,,,,
2024-10-23,2.801,2.84,2.791,2.817,1452292388.0,4091.11,1.75,0.57,0.016,0.0,510050,上证50ETF,2025-09-06 17:14:18,,,,,,,,,,,,,,,,,,,,,,,,
2024-10-22,2.789,2.817,2.782,2.801,1267692289.0,3550.81,1.25,0.39,0.011,0.0,510050,上证50ETF,2025-09-06 17:14:18,,,,,,,,,,,,,,,,,,,,,,,,
2024-10-21,2.797,2.811,2.767,2.79,1369032790.0,3819.6,1.57,-0.18,-0.005,0.0,510050,上证50ETF,2025-09-06 17:14:18,,,,,,,,,,,,,,,,,,,,,,,,
2024-10-18,2.715,2.862,2.69,2.795,2067426708.0,5778.46,6.34,3.06,0.083,0.0,510050,上证50ETF,2025-09-06 17:14:18,,,,,,,,,,,,,,,,,,,,,,,,
2024-10-17,2.77,2.784,2.711,2.712,1545933845.0,4192.57,2.65,-1.53,-0.042,0.0,510050,上证50ETF,2025-09-06 17:14:18,,,,,,,,,,,,,,,,,,,,,,,,
2024-10-16,2.739,2.783,2.733,2.754,1189681882.0,3276.38,1.81,-0.15,-0.004,0.0,510050,上证50ETF,2025-09-06 17:14:18,,,,,,,,,,,,,,,,,,,,,,,,
2024-10-15,2.814,2.833,2.756,2.758,1563030538.0,4310.84,2.72,-2.44,-0.069,0.0,510050,上证50ETF,2025-09-06 17:14:18,,,,,,,,,,,,,,,,,,,,,,,,
2024-10-14,2.805,2.845,2.778,2.827,1887459448.0,5335.85,2.4,1.18,0.033,0.0,510050,上证50ETF,2025-09-06 17:14:18,,,,,,,,,,,,,,,,,,,,,,,,
2024-10-11,2.841,2.848,2.755,2.794,1995223206.0,5574.65,3.26,-2.03,-0.058,0.0,510050,上证50ETF,2025-09-06 17:14:18,,,,,,,,,,,,,,,,,,,,,,,,
2024-10-10,2.786,2.92,2.779,2.852,2250743129.0,6419.12,5.1,3.22,0.089,0.0,510050,上证50ETF,2025-09-06 17:14:18,,,,,,,,,,,,,,,,,,,,,,,,
2024-10-09,2.911,2.94,2.758,2.763,2232707104.0,6168.97,6.11,-7.22,-0.215,0.0,510050,上证50ETF,2025-09-06 17:14:18,,,,,,,,,,,,,,,,,,,,,,,,
2024-10-08,3.2,3.2,2.909,2.978,3758084309.0,11191.58,10.0,2.37,0.069,0.0,510050,上证50ETF,2025-09-06 17:14:18,,,,,,,,,,,,,,,,,,,,,,,,
2024-09-30,2.801,2.944,2.722,2.909,3571868455.0,10390.57,8.15,6.79,0.185,0.0,510050,上证50ETF,2025-09-06 17:14:18,,,,,,,,,,,,,,,,,,,,,,,,
2024-09-27,2.661,2.818,2.608,2.724,1515369074.0,4127.87,8.02,4.05,0.106,0.0,510050,上证50ETF,2025-09-06 17:14:18,,,,,,,,,,,,,,,,,,,,,,,,
2024-09-26,2.477,2.62,2.477,2.618,2376659669.0,6222.1,5.77,5.56,0.138,0.0,510050,上证50ETF,2025-09-06 17:14:18,,,,,,,,,,,,,,,,,,,,,,,,
2024-09-25,2.485,2.524,2.474,2.48,1610607717.0,3994.31,2.04,1.22,0.03,0.0,510050,上证50ETF,2025-09-06 17:14:18,,,,,,,,,,,,,,,,,,,,,,,,
2024-09-24,2.356,2.45,2.345,2.45,1994535625.0,4886.61,4.51,5.15,0.12,0.0,510050,上证50ETF,2025-09-06 17:14:18,,,,,,,,,,,,,,,,,,,,,,,,
2024-09-23,2.321,2.343,2.319,2.33,610242399.0,1421.86,1.03,0.3,0.007,0.0,510050,上证50ETF,2025-09-06 17:14:18,,,,,,,,,,,,,,,,,,,,,,,,
2024-09-20,2.315,2.33,2.299,2.323,1892966671.0,4397.36,1.34,0.17,0.004,0.0,510050,上证50ETF,2025-09-06 17:14:18,,,,,,,,,,,,,,,,,,,,,,,,
2024-09-19,2.308,2.33,2.285,2.319,1039087381.0,2409.64,1.95,0.61,0.014,0.0,510050,上证50ETF,2025-09-06 17:14:18,,,,,,,,,,,,,,,,,,,,,,,,
2024-09-18,2.292,2.314,2.29,2.305,986296004.0,2273.41,1.05,0.57,0.013,0.0,510050,上证50ETF,2025-09-06 17:14:18,,,,,,,,,,,,,,,,,,,,,,,,
2024-09-13,2.297,2.312,2.291,2.292,701542499.0,1607.94,0.91,-0.22,-0.005,0.0,510050,上证50ETF,2025-09-06 17:14:18,,,,,,,,,,,,,,,,,,,,,,,,
2024-09-12,2.308,2.316,2.295,2.297,699198306.0,1606.06,0.91,-0.43,-0.01,0.0,510050,上证50ETF,2025-09-06 17:14:18,,,,,,,,,,,,,,,,,,,,,,,,
2024-09-11,2.316,2.318,2.3,2.307,926664008.0,2137.81,0.78,-0.6,-0.014,0.0,510050,上证50ETF,2025-09-06 17:14:18,,,,,,,,,,,,,,,,,,,,,,,,
2024-09-10,2.319,2.328,2.308,2.321,820576957.0,1904.56,0.86,0.04,0.001,0.0,510050,上证50ETF,2025-09-06 17:14:18,,,,,,,,,,,,,,,,,,,,,,,,
2024-09-09,2.343,2.346,2.312,2.32,1002380100.0,2325.52,1.45,-1.32,-0.031,0.0,510050,上证50ETF,2025-09-06 17:14:18,,,,,,,,,,,,,,,,,,,,,,,,
2024-09-06,2.364,2.379,2.349,2.351,856267943.0,2013.09,0.0,0.0,0.0,0.0,510050,上证50ETF,2025-09-06 17:14:18,,,,,,,,,,,,,,,,,,,,,,,,
