日期,开盘,最高,最低,收盘,成交量,成交额,振幅,涨跌幅,涨跌额,换手率,ETF代码,ETF名称,爬取时间,折溢价率,IOPV,前收盘,量比,委比,外盘,内盘,主力净流入-净额,主力净流入-净占比,超大单净流入-净额,超大单净流入-净占比,大单净流入-净额,大单净流入-净占比,中单净流入-净额,中单净流入-净占比,小单净流入-净额,小单净流入-净占比,现手,买一,卖一,最新份额,流通市值,总市值,更新时间
2025-09-22,4.669,4.687,4.648,4.683,97363000.0,4559509.29,0.84,0.3,0.014,,510330,沪深300ETF华夏,2025-09-22 21:52:51,,,,,,,,,,,,,,,,,,,,,,,,
2025-09-19,4.662,4.698,4.653,4.669,77187300.0,3603875.04,0.96,0.11,0.005,,510330,沪深300ETF华夏,2025-09-19 18:14:22,,,,,,,,,,,,,,,,,,,,,,,,
2025-09-18,4.718,4.741,4.62,4.664,142794888.0,6659953.58,2.56,-1.14,-0.054,,510330,沪深300ETF华夏,2025-09-19 18:14:22,,,,,,,,,,,,,,,,,,,,,,,,
2025-09-17,4.684,4.724,4.664,4.718,73411888.0,3463572.88,1.28,0.73,0.034,,510330,沪深300ETF华夏,2025-09-19 18:14:22,,,,,,,,,,,,,,,,,,,,,,,,
2025-09-16,4.699,4.718,4.656,4.685,65166400.0,3053045.84,1.32,-0.3,-0.014,,510330,沪深300ETF华夏,2025-09-18 22:22:51,,,,,,,,,,,,,,,,,,,,,,,,
2025-09-12,4.73,4.73,4.681,4.692,6169.09,290405277.0,1.04,-0.7,-0.033,0.13,510330,沪深300ETF华夏,2025-09-12 22:21:36,-0.26,4.6799,4.725,0.67,88.44,262865.0,354044.0,-23971714.0,-8.25,-29029307.0,-10.0,5057593.0,1.74,34355158.0,11.83,-10383442.0,-3.58,-10.0,4.693,4.696,47481549824.0,222783431774.0,222783431774.0,2025-09-12 16:11:38+08:00
2025-09-11,4.6,4.728,4.584,4.725,91812000.0,4338117.0,0.0,0.0,0.0,0.0,510330,沪深300ETF华夏,2025-09-11 22:22:15,0.0,,,,,,,,,,,,,,,,,,,,,,,
2025-09-10,4.59,4.626,4.573,4.606,49738100.0,2290936.89,0.0,0.0,0.0,0.0,510330,沪深300ETF华夏,2025-09-10 22:21:27,0.0,,,,,,,,,,,,,,,,,,,,,,,
2025-09-09,4.607,4.628,4.568,4.591,58255500.0,2674510.0,0.0,0.0,0.0,0.0,510330,沪深300ETF华夏,2025-09-09 18:27:56,,,,,,,,,,,,,,,,,,,,,,,,
2025-09-08,4.619,4.638,4.589,4.619,179347800.0,8284074.88,0.0,0.0,0.0,0.0,510330,沪深300ETF华夏,2025-09-08 18:27:51,,,,,,,,,,,,,,,,,,,,,,,,
2025-09-05,4.519,4.63,4.505,4.619,84272800.0,389.26,2.77,2.21,0.1,0.0,510330,沪深300ETF华夏,2025-09-06 17:14:18,,,,,,,,,,,,,,,,,,,,,,,,
2025-09-04,4.608,4.621,4.481,4.519,88847900.0,401.5,3.03,-2.14,-0.099,0.0,510330,沪深300ETF华夏,2025-09-06 17:14:18,,,,,,,,,,,,,,,,,,,,,,,,
2025-09-03,4.658,4.669,4.585,4.618,68673400.0,317.13,1.81,-0.69,-0.032,0.0,510330,沪深300ETF华夏,2025-09-06 17:14:18,,,,,,,,,,,,,,,,,,,,,,,,
2025-09-02,4.681,4.707,4.615,4.65,87719800.0,407.9,1.96,-0.7,-0.033,0.0,510330,沪深300ETF华夏,2025-09-06 17:14:18,,,,,,,,,,,,,,,,,,,,,,,,
2025-09-01,4.668,4.693,4.647,4.683,102357409.0,479.34,0.99,0.34,0.016,0.0,510330,沪深300ETF华夏,2025-09-06 17:14:18,,,,,,,,,,,,,,,,,,,,,,,,
2025-08-29,4.62,4.679,4.606,4.667,124066300.0,579.02,1.58,1.0,0.046,0.0,510330,沪深300ETF华夏,2025-09-06 17:14:18,,,,,,,,,,,,,,,,,,,,,,,,
2025-08-28,4.534,4.622,4.516,4.621,121218588.0,560.15,2.33,1.72,0.078,0.0,510330,沪深300ETF华夏,2025-09-06 17:14:18,,,,,,,,,,,,,,,,,,,,,,,,
2025-08-27,4.607,4.651,4.538,4.543,203285965.0,923.53,2.45,-1.43,-0.066,0.0,510330,沪深300ETF华夏,2025-09-06 17:14:18,,,,,,,,,,,,,,,,,,,,,,,,
2025-08-26,4.629,4.639,4.591,4.609,209346100.0,964.88,1.04,-0.48,-0.022,0.0,510330,沪深300ETF华夏,2025-09-06 17:14:18,,,,,,,,,,,,,,,,,,,,,,,,
2025-08-25,4.561,4.638,4.561,4.631,191041977.0,884.72,1.7,1.96,0.089,0.0,510330,沪深300ETF华夏,2025-09-06 17:14:18,,,,,,,,,,,,,,,,,,,,,,,,
2025-08-22,4.446,4.546,4.442,4.542,125660916.0,570.75,2.34,2.32,0.103,0.0,510330,沪深300ETF华夏,2025-09-06 17:14:18,,,,,,,,,,,,,,,,,,,,,,,,
2025-08-21,4.427,4.457,4.422,4.439,118815200.0,527.42,0.79,0.36,0.016,0.0,510330,沪深300ETF华夏,2025-09-06 17:14:18,,,,,,,,,,,,,,,,,,,,,,,,
2025-08-20,4.36,4.439,4.332,4.423,133747600.0,591.57,2.45,1.26,0.055,0.0,510330,沪深300ETF华夏,2025-09-06 17:14:18,,,,,,,,,,,,,,,,,,,,,,,,
2025-08-19,4.389,4.41,4.359,4.368,122326900.0,534.32,1.16,-0.48,-0.021,0.0,510330,沪深300ETF华夏,2025-09-06 17:14:18,,,,,,,,,,,,,,,,,,,,,,,,
2025-08-18,4.365,4.424,4.346,4.389,114945840.0,504.5,1.79,0.73,0.032,0.0,510330,沪深300ETF华夏,2025-09-06 17:14:18,,,,,,,,,,,,,,,,,,,,,,,,
2025-08-15,4.307,4.365,4.301,4.357,92291900.0,402.12,1.48,0.95,0.041,0.0,510330,沪深300ETF华夏,2025-09-06 17:14:18,,,,,,,,,,,,,,,,,,,,,,,,
2025-08-14,4.324,4.366,4.311,4.316,137747999.0,594.52,1.27,-0.19,-0.008,0.0,510330,沪深300ETF华夏,2025-09-06 17:14:18,,,,,,,,,,,,,,,,,,,,,,,,
2025-08-13,4.29,4.334,4.29,4.324,79294019.0,342.87,1.03,0.84,0.036,0.0,510330,沪深300ETF华夏,2025-09-06 17:14:18,,,,,,,,,,,,,,,,,,,,,,,,
2025-08-12,4.262,4.299,4.259,4.288,47505000.0,203.7,0.94,0.59,0.025,0.0,510330,沪深300ETF华夏,2025-09-06 17:14:18,,,,,,,,,,,,,,,,,,,,,,,,
2025-08-11,4.241,4.28,4.241,4.263,73101900.0,311.63,0.92,0.45,0.019,0.0,510330,沪深300ETF华夏,2025-09-06 17:14:18,,,,,,,,,,,,,,,,,,,,,,,,
2025-08-08,4.252,4.262,4.236,4.244,74882100.0,317.8,0.61,-0.19,-0.008,0.0,510330,沪深300ETF华夏,2025-09-06 17:14:18,,,,,,,,,,,,,,,,,,,,,,,,
2025-08-07,4.254,4.27,4.232,4.252,57896600.0,246.18,0.89,-0.02,-0.001,0.0,510330,沪深300ETF华夏,2025-09-06 17:14:18,,,,,,,,,,,,,,,,,,,,,,,,
2025-08-06,4.242,4.26,4.236,4.253,53872800.0,229.12,0.57,0.31,0.013,0.0,510330,沪深300ETF华夏,2025-09-06 17:14:18,,,,,,,,,,,,,,,,,,,,,,,,
2025-08-05,4.213,4.247,4.211,4.24,81273565.0,344.6,0.86,0.74,0.031,0.0,510330,沪深300ETF华夏,2025-09-06 17:14:18,,,,,,,,,,,,,,,,,,,,,,,,
2025-08-04,4.185,4.209,4.178,4.209,55804300.0,234.88,0.74,0.36,0.015,0.0,510330,沪深300ETF华夏,2025-09-06 17:14:18,,,,,,,,,,,,,,,,,,,,,,,,
2025-08-01,4.212,4.222,4.175,4.194,72321636.0,303.32,1.11,-0.52,-0.022,0.0,510330,沪深300ETF华夏,2025-09-06 17:14:18,,,,,,,,,,,,,,,,,,,,,,,,
2025-07-31,4.28,4.28,4.202,4.216,117730200.0,496.35,1.82,-1.77,-0.076,0.0,510330,沪深300ETF华夏,2025-09-06 17:14:18,,,,,,,,,,,,,,,,,,,,,,,,
2025-07-30,4.286,4.328,4.267,4.292,120114827.0,515.53,1.42,-0.07,-0.003,0.0,510330,沪深300ETF华夏,2025-09-06 17:14:18,,,,,,,,,,,,,,,,,,,,,,,,
2025-07-29,4.267,4.296,4.253,4.295,95679500.0,410.94,1.01,0.47,0.02,0.0,510330,沪深300ETF华夏,2025-09-06 17:14:18,,,,,,,,,,,,,,,,,,,,,,,,
2025-07-28,4.263,4.284,4.246,4.275,101111200.0,432.25,0.89,0.28,0.012,0.0,510330,沪深300ETF华夏,2025-09-06 17:14:18,,,,,,,,,,,,,,,,,,,,,,,,
2025-07-25,4.285,4.286,4.252,4.263,96419835.0,411.04,0.79,-0.51,-0.022,0.0,510330,沪深300ETF华夏,2025-09-06 17:14:18,,,,,,,,,,,,,,,,,,,,,,,,
2025-07-24,4.258,4.29,4.25,4.285,99821010.0,427.73,0.94,0.63,0.027,0.0,510330,沪深300ETF华夏,2025-09-06 17:14:18,,,,,,,,,,,,,,,,,,,,,,,,
2025-07-23,4.261,4.297,4.25,4.258,131363000.0,559.34,1.1,-0.07,-0.003,0.0,510330,沪深300ETF华夏,2025-09-06 17:14:18,,,,,,,,,,,,,,,,,,,,,,,,
2025-07-22,4.215,4.262,4.202,4.261,91252900.0,388.83,1.42,1.02,0.043,0.0,510330,沪深300ETF华夏,2025-09-06 17:14:18,,,,,,,,,,,,,,,,,,,,,,,,
2025-07-21,4.194,4.22,4.194,4.218,90050500.0,379.83,0.62,0.64,0.027,0.0,510330,沪深300ETF华夏,2025-09-06 17:14:18,,,,,,,,,,,,,,,,,,,,,,,,
2025-07-18,4.164,4.196,4.164,4.191,96025700.0,402.44,0.77,0.67,0.028,0.0,510330,沪深300ETF华夏,2025-09-06 17:14:18,,,,,,,,,,,,,,,,,,,,,,,,
2025-07-17,4.13,4.163,4.126,4.163,72097313.0,300.14,0.9,0.87,0.036,0.0,510330,沪深300ETF华夏,2025-09-06 17:14:18,,,,,,,,,,,,,,,,,,,,,,,,
2025-07-16,4.138,4.152,4.114,4.127,61953022.0,255.68,0.92,-0.29,-0.012,0.0,510330,沪深300ETF华夏,2025-09-06 17:14:18,,,,,,,,,,,,,,,,,,,,,,,,
2025-07-15,4.145,4.165,4.113,4.139,72647175.0,300.69,1.26,0.05,0.002,0.0,510330,沪深300ETF华夏,2025-09-06 17:14:18,,,,,,,,,,,,,,,,,,,,,,,,
2025-07-14,4.16,4.16,4.136,4.137,65058900.0,269.15,0.57,-1.5,-0.063,0.0,510330,沪深300ETF华夏,2025-09-06 17:14:18,,,,,,,,,,,,,,,,,,,,,,,,
2025-07-11,4.183,4.252,4.183,4.2,126161975.0,529.88,1.65,0.41,0.017,0.0,510330,沪深300ETF华夏,2025-09-06 17:14:18,,,,,,,,,,,,,,,,,,,,,,,,
2025-07-10,4.164,4.208,4.161,4.183,101590600.0,424.95,1.13,0.48,0.02,0.0,510330,沪深300ETF华夏,2025-09-06 17:14:18,,,,,,,,,,,,,,,,,,,,,,,,
2025-07-09,4.172,4.188,4.158,4.163,79193781.0,329.68,0.72,-0.1,-0.004,0.0,510330,沪深300ETF华夏,2025-09-06 17:14:18,,,,,,,,,,,,,,,,,,,,,,,,
2025-07-08,4.129,4.175,4.129,4.167,68375300.0,284.92,1.11,0.87,0.036,0.0,510330,沪深300ETF华夏,2025-09-06 17:14:18,,,,,,,,,,,,,,,,,,,,,,,,
2025-07-07,4.143,4.149,4.121,4.131,107751300.0,445.12,0.68,-0.39,-0.016,0.0,510330,沪深300ETF华夏,2025-09-06 17:14:18,,,,,,,,,,,,,,,,,,,,,,,,
2025-07-04,4.13,4.183,4.123,4.147,87105683.0,361.23,1.45,0.34,0.014,0.0,510330,沪深300ETF华夏,2025-09-06 17:14:18,,,,,,,,,,,,,,,,,,,,,,,,
2025-07-03,4.108,4.139,4.108,4.133,43396300.0,179.36,0.75,0.61,0.025,0.0,510330,沪深300ETF华夏,2025-09-06 17:14:18,,,,,,,,,,,,,,,,,,,,,,,,
2025-07-02,4.104,4.115,4.092,4.108,39185100.0,160.97,0.56,0.1,0.004,0.0,510330,沪深300ETF华夏,2025-09-06 17:14:18,,,,,,,,,,,,,,,,,,,,,,,,
2025-07-01,4.099,4.11,4.085,4.104,33231800.0,136.38,0.61,0.12,0.005,0.0,510330,沪深300ETF华夏,2025-09-06 17:14:18,,,,,,,,,,,,,,,,,,,,,,,,
2025-06-30,4.08,4.101,4.072,4.099,95072000.0,389.7,0.71,0.47,0.019,0.0,510330,沪深300ETF华夏,2025-09-06 17:14:18,,,,,,,,,,,,,,,,,,,,,,,,
2025-06-27,4.104,4.132,4.074,4.08,215278800.0,878.34,1.41,-0.54,-0.022,0.0,510330,沪深300ETF华夏,2025-09-06 17:14:18,,,,,,,,,,,,,,,,,,,,,,,,
2025-06-26,4.115,4.121,4.101,4.102,121422800.0,498.08,0.49,-0.41,-0.017,0.0,510330,沪深300ETF华夏,2025-09-06 17:14:18,,,,,,,,,,,,,,,,,,,,,,,,
2025-06-25,4.054,4.12,4.051,4.119,140188295.0,577.44,1.7,1.68,0.068,0.0,510330,沪深300ETF华夏,2025-09-06 17:14:18,,,,,,,,,,,,,,,,,,,,,,,,
2025-06-24,4.015,4.066,4.01,4.051,143158881.0,579.94,1.4,1.12,0.045,0.0,510330,沪深300ETF华夏,2025-09-06 17:14:18,,,,,,,,,,,,,,,,,,,,,,,,
2025-06-23,3.982,4.016,3.973,4.006,81436399.0,326.23,1.08,0.38,0.015,0.0,510330,沪深300ETF华夏,2025-09-06 17:14:18,,,,,,,,,,,,,,,,,,,,,,,,
2025-06-20,3.983,4.001,3.983,3.991,57656800.0,230.11,0.45,0.15,0.006,0.0,510330,沪深300ETF华夏,2025-09-06 17:14:18,,,,,,,,,,,,,,,,,,,,,,,,
2025-06-19,4.014,4.014,3.976,3.985,70967396.0,282.81,0.95,-0.8,-0.032,0.0,510330,沪深300ETF华夏,2025-09-06 17:14:18,,,,,,,,,,,,,,,,,,,,,,,,
2025-06-18,4.008,4.024,3.996,4.017,38289600.0,153.81,0.7,0.07,0.003,0.0,510330,沪深300ETF华夏,2025-09-06 17:14:18,,,,,,,,,,,,,,,,,,,,,,,,
2025-06-17,4.015,4.022,4.0,4.014,44027204.0,176.73,0.55,-0.02,-0.001,0.0,510330,沪深300ETF华夏,2025-09-06 17:14:18,,,,,,,,,,,,,,,,,,,,,,,,
2025-06-16,4.0,4.018,3.996,4.015,42352600.0,170.05,0.55,0.27,0.011,0.0,510330,沪深300ETF华夏,2025-09-06 17:14:18,,,,,,,,,,,,,,,,,,,,,,,,
2025-06-13,4.023,4.028,3.992,4.004,121678753.0,487.2,0.89,-0.69,-0.028,0.0,510330,沪深300ETF华夏,2025-09-06 17:14:18,,,,,,,,,,,,,,,,,,,,,,,,
2025-06-12,4.023,4.039,4.005,4.032,57472700.0,231.73,0.84,0.07,0.003,0.0,510330,沪深300ETF华夏,2025-09-06 17:14:18,,,,,,,,,,,,,,,,,,,,,,,,
2025-06-11,4.001,4.05,4.0,4.029,118642100.0,478.01,1.25,0.83,0.033,0.0,510330,沪深300ETF华夏,2025-09-06 17:14:18,,,,,,,,,,,,,,,,,,,,,,,,
2025-06-10,4.022,4.031,3.984,3.996,108418400.0,433.24,1.17,-0.65,-0.026,0.0,510330,沪深300ETF华夏,2025-09-06 17:14:18,,,,,,,,,,,,,,,,,,,,,,,,
2025-06-09,4.012,4.035,4.009,4.022,84529960.0,339.98,0.65,0.27,0.011,0.0,510330,沪深300ETF华夏,2025-09-06 17:14:18,,,,,,,,,,,,,,,,,,,,,,,,
2025-06-06,4.01,4.025,4.003,4.011,99702320.0,399.91,0.55,0.02,0.001,0.0,510330,沪深300ETF华夏,2025-09-06 17:14:18,,,,,,,,,,,,,,,,,,,,,,,,
2025-06-05,4.0,4.018,3.991,4.01,192304000.0,771.14,0.68,0.28,0.011,0.0,510330,沪深300ETF华夏,2025-09-06 17:14:18,,,,,,,,,,,,,,,,,,,,,,,,
2025-06-04,3.99,4.01,3.985,3.999,57372000.0,229.43,0.63,0.48,0.019,0.0,510330,沪深300ETF华夏,2025-09-06 17:14:18,,,,,,,,,,,,,,,,,,,,,,,,
2025-06-03,3.971,3.998,3.963,3.98,74983072.0,298.43,0.88,-0.1,-0.004,0.0,510330,沪深300ETF华夏,2025-09-06 17:14:18,,,,,,,,,,,,,,,,,,,,,,,,
2025-05-30,3.989,3.989,3.956,3.984,97063966.0,386.7,0.83,-0.15,-0.006,0.0,510330,沪深300ETF华夏,2025-09-06 17:14:18,,,,,,,,,,,,,,,,,,,,,,,,
2025-05-29,3.967,4.004,3.963,3.99,122937200.0,490.52,1.03,0.63,0.025,0.0,510330,沪深300ETF华夏,2025-09-06 17:14:18,,,,,,,,,,,,,,,,,,,,,,,,
2025-05-28,3.972,3.981,3.964,3.965,118855000.0,471.26,0.43,-0.13,-0.005,0.0,510330,沪深300ETF华夏,2025-09-06 17:14:18,,,,,,,,,,,,,,,,,,,,,,,,
2025-05-27,3.992,3.995,3.964,3.97,57230300.0,227.2,0.78,-0.55,-0.022,0.0,510330,沪深300ETF华夏,2025-09-06 17:14:18,,,,,,,,,,,,,,,,,,,,,,,,
2025-05-26,4.011,4.018,3.981,3.992,85437400.0,341.07,0.92,-0.5,-0.02,0.0,510330,沪深300ETF华夏,2025-09-06 17:14:18,,,,,,,,,,,,,,,,,,,,,,,,
2025-05-23,4.039,4.064,4.011,4.012,69184700.0,277.57,1.31,-0.79,-0.032,0.0,510330,沪深300ETF华夏,2025-09-06 17:14:18,,,,,,,,,,,,,,,,,,,,,,,,
2025-05-22,4.039,4.054,4.029,4.044,66325900.0,268.22,0.62,-0.02,-0.001,0.0,510330,沪深300ETF华夏,2025-09-06 17:14:18,,,,,,,,,,,,,,,,,,,,,,,,
2025-05-21,4.026,4.058,4.026,4.045,51315000.0,207.57,0.79,0.45,0.018,0.0,510330,沪深300ETF华夏,2025-09-06 17:14:18,,,,,,,,,,,,,,,,,,,,,,,,
2025-05-20,4.01,4.041,4.006,4.027,82202200.0,331.03,0.87,0.45,0.018,0.0,510330,沪深300ETF华夏,2025-09-06 17:14:18,,,,,,,,,,,,,,,,,,,,,,,,
2025-05-19,4.014,4.014,3.992,4.009,49212100.0,197.29,0.55,-0.12,-0.005,0.0,510330,沪深300ETF华夏,2025-09-06 17:14:18,,,,,,,,,,,,,,,,,,,,,,,,
2025-05-16,4.031,4.035,4.001,4.014,70446600.0,282.77,0.84,-0.55,-0.022,0.0,510330,沪深300ETF华夏,2025-09-06 17:14:18,,,,,,,,,,,,,,,,,,,,,,,,
2025-05-15,4.067,4.069,4.029,4.036,121642800.0,490.95,0.98,-0.86,-0.035,0.0,510330,沪深300ETF华夏,2025-09-06 17:14:18,,,,,,,,,,,,,,,,,,,,,,,,
2025-05-14,4.022,4.09,4.018,4.071,128618700.0,523.61,1.79,1.24,0.05,0.0,510330,沪深300ETF华夏,2025-09-06 17:14:18,,,,,,,,,,,,,,,,,,,,,,,,
2025-05-13,4.054,4.054,4.014,4.021,77326900.0,310.93,1.0,0.1,0.004,0.0,510330,沪深300ETF华夏,2025-09-06 17:14:18,,,,,,,,,,,,,,,,,,,,,,,,
2025-05-12,3.987,4.018,3.986,4.017,72145100.0,289.81,0.81,1.13,0.045,0.0,510330,沪深300ETF华夏,2025-09-06 17:14:18,,,,,,,,,,,,,,,,,,,,,,,,
2025-05-09,3.971,3.977,3.958,3.972,120585800.0,478.97,0.48,-0.15,-0.006,0.0,510330,沪深300ETF华夏,2025-09-06 17:14:18,,,,,,,,,,,,,,,,,,,,,,,,
2025-05-08,3.949,3.992,3.943,3.978,106836800.0,425.0,1.24,0.68,0.027,0.0,510330,沪深300ETF华夏,2025-09-06 17:14:18,,,,,,,,,,,,,,,,,,,,,,,,
2025-05-07,3.97,3.99,3.935,3.951,82880100.0,327.46,1.4,0.59,0.023,0.0,510330,沪深300ETF华夏,2025-09-06 17:14:18,,,,,,,,,,,,,,,,,,,,,,,,
2025-05-06,3.91,3.931,3.9,3.928,113199700.0,444.65,0.8,1.03,0.04,0.0,510330,沪深300ETF华夏,2025-09-06 17:14:18,,,,,,,,,,,,,,,,,,,,,,,,
2025-04-30,3.888,3.912,3.887,3.888,83006000.0,322.73,0.64,-0.13,-0.005,0.0,510330,沪深300ETF华夏,2025-09-06 17:14:18,,,,,,,,,,,,,,,,,,,,,,,,
2025-04-29,3.899,3.905,3.884,3.893,88924600.0,346.18,0.54,-0.21,-0.008,0.0,510330,沪深300ETF华夏,2025-09-06 17:14:18,,,,,,,,,,,,,,,,,,,,,,,,
2025-04-28,3.904,3.91,3.889,3.901,47077500.0,183.65,0.54,-0.15,-0.006,0.0,510330,沪深300ETF华夏,2025-09-06 17:14:18,,,,,,,,,,,,,,,,,,,,,,,,
2025-04-25,3.906,3.924,3.898,3.907,74954100.0,292.85,0.67,0.03,0.001,0.0,510330,沪深300ETF华夏,2025-09-06 17:14:18,,,,,,,,,,,,,,,,,,,,,,,,
2025-04-24,3.907,3.929,3.893,3.906,44423900.0,173.52,0.92,-0.03,-0.001,0.0,510330,沪深300ETF华夏,2025-09-06 17:14:18,,,,,,,,,,,,,,,,,,,,,,,,
2025-04-23,3.915,3.93,3.898,3.907,72827600.0,284.54,0.82,0.08,0.003,0.0,510330,沪深300ETF华夏,2025-09-06 17:14:18,,,,,,,,,,,,,,,,,,,,,,,,
2025-04-22,3.898,3.918,3.897,3.904,116938900.0,456.53,0.54,0.1,0.004,0.0,510330,沪深300ETF华夏,2025-09-06 17:14:18,,,,,,,,,,,,,,,,,,,,,,,,
2025-04-21,3.883,3.911,3.88,3.9,135204300.0,527.3,0.8,0.18,0.007,0.0,510330,沪深300ETF华夏,2025-09-06 17:14:18,,,,,,,,,,,,,,,,,,,,,,,,
2025-04-18,3.881,3.904,3.87,3.893,1199926900.0,4671.32,0.87,0.18,0.007,0.0,510330,沪深300ETF华夏,2025-09-06 17:14:18,,,,,,,,,,,,,,,,,,,,,,,,
2025-04-17,3.867,3.897,3.866,3.886,161235961.0,626.56,0.8,0.05,0.002,0.0,510330,沪深300ETF华夏,2025-09-06 17:14:18,,,,,,,,,,,,,,,,,,,,,,,,
2025-04-16,3.861,3.894,3.838,3.884,1524585461.0,5921.49,1.45,0.28,0.011,0.0,510330,沪深300ETF华夏,2025-09-06 17:14:18,,,,,,,,,,,,,,,,,,,,,,,,
2025-04-15,3.87,3.882,3.85,3.873,826760161.0,3202.04,0.83,0.03,0.001,0.0,510330,沪深300ETF华夏,2025-09-06 17:14:18,,,,,,,,,,,,,,,,,,,,,,,,
2025-04-14,3.88,3.89,3.868,3.872,240789000.0,932.34,0.57,0.23,0.009,0.0,510330,沪深300ETF华夏,2025-09-06 17:14:18,,,,,,,,,,,,,,,,,,,,,,,,
2025-04-11,3.842,3.88,3.823,3.863,148676700.0,574.34,1.48,0.29,0.011,0.0,510330,沪深300ETF华夏,2025-09-06 17:14:18,,,,,,,,,,,,,,,,,,,,,,,,
2025-04-10,3.85,3.869,3.816,3.852,251271000.0,967.9,1.4,1.66,0.063,0.0,510330,沪深300ETF华夏,2025-09-06 17:14:18,,,,,,,,,,,,,,,,,,,,,,,,
2025-04-09,3.717,3.8,3.7,3.789,743063500.0,2815.47,2.66,0.93,0.035,0.0,510330,沪深300ETF华夏,2025-09-06 17:14:18,,,,,,,,,,,,,,,,,,,,,,,,
2025-04-08,3.687,3.763,3.687,3.754,3574926600.0,13420.27,2.07,2.15,0.079,0.0,510330,沪深300ETF华夏,2025-09-06 17:14:18,,,,,,,,,,,,,,,,,,,,,,,,
2025-04-07,3.86,3.86,3.628,3.675,2487731500.0,9142.41,5.83,-7.71,-0.307,0.0,510330,沪深300ETF华夏,2025-09-06 17:14:18,,,,,,,,,,,,,,,,,,,,,,,,
2025-04-03,3.981,4.006,3.967,3.982,181633800.0,723.27,0.97,-0.52,-0.021,0.0,510330,沪深300ETF华夏,2025-09-06 17:14:18,,,,,,,,,,,,,,,,,,,,,,,,
2025-04-02,4.007,4.021,3.995,4.003,100029700.0,400.42,0.65,-0.07,-0.003,0.0,510330,沪深300ETF华夏,2025-09-06 17:14:18,,,,,,,,,,,,,,,,,,,,,,,,
2025-04-01,4.01,4.027,4.0,4.006,63467700.0,254.25,0.67,-0.1,-0.004,0.0,510330,沪深300ETF华夏,2025-09-06 17:14:18,,,,,,,,,,,,,,,,,,,,,,,,
2025-03-31,4.03,4.05,3.989,4.01,177171700.0,710.46,1.51,-0.59,-0.024,0.0,510330,沪深300ETF华夏,2025-09-06 17:14:18,,,,,,,,,,,,,,,,,,,,,,,,
2025-03-28,4.052,4.056,4.026,4.034,94150100.0,379.8,0.74,-0.44,-0.018,0.0,510330,沪深300ETF华夏,2025-09-06 17:14:18,,,,,,,,,,,,,,,,,,,,,,,,
2025-03-27,4.036,4.077,4.021,4.052,98153000.0,397.72,1.39,0.32,0.013,0.0,510330,沪深300ETF华夏,2025-09-06 17:14:18,,,,,,,,,,,,,,,,,,,,,,,,
2025-03-26,4.054,4.066,4.036,4.039,63384800.0,256.01,0.74,-0.39,-0.016,0.0,510330,沪深300ETF华夏,2025-09-06 17:14:18,,,,,,,,,,,,,,,,,,,,,,,,
2025-03-25,4.059,4.064,4.042,4.055,68949700.0,279.59,0.54,-0.02,-0.001,0.0,510330,沪深300ETF华夏,2025-09-06 17:14:18,,,,,,,,,,,,,,,,,,,,,,,,
2025-03-24,4.034,4.056,4.028,4.056,95767600.0,388.43,0.69,0.5,0.02,0.0,510330,沪深300ETF华夏,2025-09-06 17:14:18,,,,,,,,,,,,,,,,,,,,,,,,
2025-03-21,4.087,4.104,4.022,4.036,156664500.0,632.3,2.0,-1.54,-0.063,0.0,510330,沪深300ETF华夏,2025-09-06 17:14:18,,,,,,,,,,,,,,,,,,,,,,,,
2025-03-20,4.135,4.135,4.092,4.099,101619900.0,416.54,1.04,-0.85,-0.035,0.0,510330,沪深300ETF华夏,2025-09-06 17:14:18,,,,,,,,,,,,,,,,,,,,,,,,
2025-03-19,4.126,4.148,4.11,4.134,132637880.0,548.32,0.92,0.15,0.006,0.0,510330,沪深300ETF华夏,2025-09-06 17:14:18,,,,,,,,,,,,,,,,,,,,,,,,
2025-03-18,4.125,4.14,4.117,4.128,139436591.0,575.59,0.56,0.24,0.01,0.0,510330,沪深300ETF华夏,2025-09-06 17:14:18,,,,,,,,,,,,,,,,,,,,,,,,
2025-03-17,4.145,4.145,4.112,4.118,190371000.0,783.95,0.8,-0.31,-0.013,0.0,510330,沪深300ETF华夏,2025-09-06 17:14:18,,,,,,,,,,,,,,,,,,,,,,,,
2025-03-14,4.036,4.14,4.034,4.131,190405200.0,786.56,2.63,2.53,0.102,0.0,510330,沪深300ETF华夏,2025-09-06 17:14:18,,,,,,,,,,,,,,,,,,,,,,,,
2025-03-13,4.049,4.059,4.014,4.029,149706100.0,603.17,1.11,-0.52,-0.021,0.0,510330,沪深300ETF华夏,2025-09-06 17:14:18,,,,,,,,,,,,,,,,,,,,,,,,
2025-03-12,4.059,4.076,4.038,4.05,101710010.0,411.93,0.94,-0.3,-0.012,0.0,510330,沪深300ETF华夏,2025-09-06 17:14:18,,,,,,,,,,,,,,,,,,,,,,,,
2025-03-11,4.03,4.065,4.01,4.062,332648400.0,1351.22,1.36,0.32,0.013,0.0,510330,沪深300ETF华夏,2025-09-06 17:14:18,,,,,,,,,,,,,,,,,,,,,,,,
2025-03-10,4.061,4.067,4.024,4.049,209111600.0,846.69,1.06,-0.39,-0.016,0.0,510330,沪深300ETF华夏,2025-09-06 17:14:18,,,,,,,,,,,,,,,,,,,,,,,,
2025-03-07,4.067,4.087,4.054,4.065,177849300.0,722.96,0.81,-0.27,-0.011,0.0,510330,沪深300ETF华夏,2025-09-06 17:14:18,,,,,,,,,,,,,,,,,,,,,,,,
2025-03-06,4.037,4.087,4.037,4.076,148639300.0,605.85,1.24,1.37,0.055,0.0,510330,沪深300ETF华夏,2025-09-06 17:14:18,,,,,,,,,,,,,,,,,,,,,,,,
2025-03-05,4.001,4.023,3.993,4.021,374075110.0,1504.16,0.75,0.5,0.02,0.0,510330,沪深300ETF华夏,2025-09-06 17:14:18,,,,,,,,,,,,,,,,,,,,,,,,
2025-03-04,3.999,4.009,3.977,4.001,141838200.0,567.49,0.8,-0.05,-0.002,0.0,510330,沪深300ETF华夏,2025-09-06 17:14:18,,,,,,,,,,,,,,,,,,,,,,,,
2025-03-03,4.017,4.052,3.988,4.003,371718100.0,1487.99,1.59,-0.37,-0.015,0.0,510330,沪深300ETF华夏,2025-09-06 17:14:18,,,,,,,,,,,,,,,,,,,,,,,,
2025-02-28,4.081,4.09,4.006,4.018,240108100.0,964.75,2.05,-1.86,-0.076,0.0,510330,沪深300ETF华夏,2025-09-06 17:14:18,,,,,,,,,,,,,,,,,,,,,,,,
2025-02-27,4.079,4.096,4.053,4.094,136329010.0,558.13,1.05,0.37,0.015,0.0,510330,沪深300ETF华夏,2025-09-06 17:14:18,,,,,,,,,,,,,,,,,,,,,,,,
2025-02-26,4.049,4.08,4.044,4.079,75915167.0,309.66,0.89,0.79,0.032,0.0,510330,沪深300ETF华夏,2025-09-06 17:14:18,,,,,,,,,,,,,,,,,,,,,,,,
2025-02-25,4.059,4.076,4.034,4.047,110880845.0,448.73,1.03,-1.0,-0.041,0.0,510330,沪深300ETF华夏,2025-09-06 17:14:18,,,,,,,,,,,,,,,,,,,,,,,,
2025-02-24,4.097,4.115,4.066,4.088,148854400.0,608.52,1.19,-0.32,-0.013,0.0,510330,沪深300ETF华夏,2025-09-06 17:14:18,,,,,,,,,,,,,,,,,,,,,,,,
2025-02-21,4.055,4.106,4.046,4.101,116485073.0,477.71,1.48,1.31,0.053,0.0,510330,沪深300ETF华夏,2025-09-06 17:14:18,,,,,,,,,,,,,,,,,,,,,,,,
2025-02-20,4.06,4.06,4.034,4.048,93411700.0,378.13,0.64,-0.3,-0.012,0.0,510330,沪深300ETF华夏,2025-09-06 17:14:18,,,,,,,,,,,,,,,,,,,,,,,,
2025-02-19,4.032,4.066,4.026,4.06,96760400.0,392.85,0.99,0.57,0.023,0.0,510330,沪深300ETF华夏,2025-09-06 17:14:18,,,,,,,,,,,,,,,,,,,,,,,,
2025-02-18,4.065,4.084,4.021,4.037,102714700.0,414.66,1.55,-0.76,-0.031,0.0,510330,沪深300ETF华夏,2025-09-06 17:14:18,,,,,,,,,,,,,,,,,,,,,,,,
2025-02-17,4.07,4.077,4.04,4.068,130529000.0,530.99,0.91,0.22,0.009,0.0,510330,沪深300ETF华夏,2025-09-06 17:14:18,,,,,,,,,,,,,,,,,,,,,,,,
2025-02-14,4.02,4.065,4.02,4.059,141231085.0,573.26,1.12,0.74,0.03,0.0,510330,沪深300ETF华夏,2025-09-06 17:14:18,,,,,,,,,,,,,,,,,,,,,,,,
2025-02-13,4.036,4.06,4.024,4.029,128078600.0,516.03,0.89,-0.22,-0.009,0.0,510330,沪深300ETF华夏,2025-09-06 17:14:18,,,,,,,,,,,,,,,,,,,,,,,,
2025-02-12,4.0,4.045,3.984,4.038,194450600.0,785.19,1.52,0.92,0.037,0.0,510330,沪深300ETF华夏,2025-09-06 17:14:18,,,,,,,,,,,,,,,,,,,,,,,,
2025-02-11,4.02,4.021,3.988,4.001,107963774.0,431.96,0.82,-0.42,-0.017,0.0,510330,沪深300ETF华夏,2025-09-06 17:14:18,,,,,,,,,,,,,,,,,,,,,,,,
2025-02-10,4.012,4.028,3.999,4.018,194267100.0,780.57,0.72,0.12,0.005,0.0,510330,沪深300ETF华夏,2025-09-06 17:14:18,,,,,,,,,,,,,,,,,,,,,,,,
2025-02-07,3.957,4.041,3.95,4.013,222001973.0,890.89,2.3,1.42,0.056,0.0,510330,沪深300ETF华夏,2025-09-06 17:14:18,,,,,,,,,,,,,,,,,,,,,,,,
2025-02-06,3.91,3.962,3.907,3.957,103039900.0,407.73,1.41,1.15,0.045,0.0,510330,沪深300ETF华夏,2025-09-06 17:14:18,,,,,,,,,,,,,,,,,,,,,,,,
2025-02-05,3.948,3.957,3.9,3.912,128912000.0,504.3,1.45,-0.61,-0.024,0.0,510330,沪深300ETF华夏,2025-09-06 17:14:18,,,,,,,,,,,,,,,,,,,,,,,,
2025-01-27,3.961,3.968,3.935,3.936,194844700.0,766.91,0.83,-0.43,-0.017,0.0,510330,沪深300ETF华夏,2025-09-06 17:14:18,,,,,,,,,,,,,,,,,,,,,,,,
2025-01-24,3.924,3.969,3.916,3.953,162457672.0,642.2,1.35,0.74,0.029,0.0,510330,沪深300ETF华夏,2025-09-06 17:14:18,,,,,,,,,,,,,,,,,,,,,,,,
2025-01-23,3.942,3.985,3.915,3.924,94660800.0,371.45,1.79,0.31,0.012,0.0,510330,沪深300ETF华夏,2025-09-06 17:14:18,,,,,,,,,,,,,,,,,,,,,,,,
2025-01-22,3.937,3.94,3.892,3.912,125162700.0,489.64,1.22,-0.86,-0.034,0.0,510330,沪深300ETF华夏,2025-09-06 17:14:18,,,,,,,,,,,,,,,,,,,,,,,,
2025-01-21,3.957,3.965,3.929,3.946,87919200.0,346.93,0.91,0.13,0.005,0.0,510330,沪深300ETF华夏,2025-09-06 17:14:18,,,,,,,,,,,,,,,,,,,,,,,,
2025-01-20,3.945,3.975,3.933,3.941,80592100.0,317.61,1.07,0.43,0.017,0.0,510330,沪深300ETF华夏,2025-09-06 17:14:18,,,,,,,,,,,,,,,,,,,,,,,,
2025-01-17,3.902,3.948,3.893,3.924,161432000.0,633.46,1.41,0.33,0.013,0.0,510330,沪深300ETF华夏,2025-09-06 17:14:18,,,,,,,,,,,,,,,,,,,,,,,,
2025-01-16,3.92,3.958,3.886,3.911,128594800.0,502.93,1.84,0.1,0.004,0.0,510330,沪深300ETF华夏,2025-09-06 17:14:18,,,,,,,,,,,,,,,,,,,,,,,,
2025-01-15,3.93,3.93,3.9,3.907,57428100.0,224.37,0.76,-0.59,-0.023,0.0,510330,沪深300ETF华夏,2025-09-06 17:14:18,,,,,,,,,,,,,,,,,,,,,,,,
2025-01-14,3.833,3.942,3.831,3.93,321670600.0,1264.17,2.9,2.53,0.097,0.0,510330,沪深300ETF华夏,2025-09-06 17:14:18,,,,,,,,,,,,,,,,,,,,,,,,
2025-01-13,3.844,3.898,3.465,3.833,131779810.0,505.11,11.06,-2.12,-0.083,0.0,510330,沪深300ETF华夏,2025-09-06 17:14:18,,,,,,,,,,,,,,,,,,,,,,,,
2025-01-10,3.956,3.967,3.912,3.916,307419000.0,1203.85,1.39,-1.04,-0.041,0.0,510330,沪深300ETF华夏,2025-09-06 17:14:18,,,,,,,,,,,,,,,,,,,,,,,,
2025-01-09,3.953,3.974,3.949,3.957,166874600.0,660.32,0.63,-0.15,-0.006,0.0,510330,沪深300ETF华夏,2025-09-06 17:14:18,,,,,,,,,,,,,,,,,,,,,,,,
2025-01-08,3.971,3.992,3.908,3.963,320041600.0,1268.32,2.11,-0.25,-0.01,0.0,510330,沪深300ETF华夏,2025-09-06 17:14:18,,,,,,,,,,,,,,,,,,,,,,,,
2025-01-07,3.939,3.974,3.929,3.973,223973900.0,889.85,1.14,0.76,0.03,0.0,510330,沪深300ETF华夏,2025-09-06 17:14:18,,,,,,,,,,,,,,,,,,,,,,,,
2025-01-06,3.95,3.964,3.917,3.943,158379400.0,624.49,1.19,-0.5,-0.02,0.0,510330,沪深300ETF华夏,2025-09-06 17:14:18,,,,,,,,,,,,,,,,,,,,,,,,
2025-01-03,4.002,4.013,3.944,3.963,202511100.0,802.55,1.72,-0.95,-0.038,0.0,510330,沪深300ETF华夏,2025-09-06 17:14:18,,,,,,,,,,,,,,,,,,,,,,,,
2025-01-02,4.11,4.117,3.973,4.001,176859200.0,707.61,3.5,-2.77,-0.114,0.0,510330,沪深300ETF华夏,2025-09-06 17:14:18,,,,,,,,,,,,,,,,,,,,,,,,
2024-12-31,4.184,4.189,4.113,4.115,319642100.0,1315.33,1.82,-1.6,-0.067,0.0,510330,沪深300ETF华夏,2025-09-06 17:14:18,,,,,,,,,,,,,,,,,,,,,,,,
2024-12-30,4.159,4.19,4.158,4.182,183875300.0,768.97,0.77,0.46,0.019,0.0,510330,沪深300ETF华夏,2025-09-06 17:14:18,,,,,,,,,,,,,,,,,,,,,,,,
2024-12-27,4.169,4.195,4.155,4.163,170704610.0,710.64,0.96,-0.17,-0.007,0.0,510330,沪深300ETF华夏,2025-09-06 17:14:18,,,,,,,,,,,,,,,,,,,,,,,,
2024-12-26,4.168,4.175,4.153,4.17,131351300.0,547.73,0.53,0.07,0.003,0.0,510330,沪深300ETF华夏,2025-09-06 17:14:18,,,,,,,,,,,,,,,,,,,,,,,,
2024-12-25,4.168,4.189,4.151,4.167,70175000.0,292.42,0.91,0.07,0.003,0.0,510330,沪深300ETF华夏,2025-09-06 17:14:18,,,,,,,,,,,,,,,,,,,,,,,,
2024-12-24,4.112,4.174,4.112,4.164,117281100.0,488.36,1.51,1.14,0.047,0.0,510330,沪深300ETF华夏,2025-09-06 17:14:18,,,,,,,,,,,,,,,,,,,,,,,,
2024-12-23,4.114,4.147,4.111,4.117,88545444.0,364.54,0.88,0.22,0.009,0.0,510330,沪深300ETF华夏,2025-09-06 17:14:18,,,,,,,,,,,,,,,,,,,,,,,,
2024-12-20,4.128,4.14,4.105,4.108,182420844.0,749.38,0.85,-0.48,-0.02,0.0,510330,沪深300ETF华夏,2025-09-06 17:14:18,,,,,,,,,,,,,,,,,,,,,,,,
2024-12-19,4.091,4.135,4.076,4.128,163275159.0,674.0,1.43,0.17,0.007,0.0,510330,沪深300ETF华夏,2025-09-06 17:14:18,,,,,,,,,,,,,,,,,,,,,,,,
2024-12-18,4.112,4.134,4.108,4.121,160925600.0,663.17,0.63,0.51,0.021,0.0,510330,沪深300ETF华夏,2025-09-06 17:14:18,,,,,,,,,,,,,,,,,,,,,,,,
2024-12-17,4.089,4.139,4.088,4.1,88196300.0,361.6,1.25,0.24,0.01,0.0,510330,沪深300ETF华夏,2025-09-06 17:14:18,,,,,,,,,,,,,,,,,,,,,,,,
2024-12-16,4.111,4.117,4.082,4.09,128296000.0,524.73,0.85,-0.68,-0.028,0.0,510330,沪深300ETF华夏,2025-09-06 17:14:18,,,,,,,,,,,,,,,,,,,,,,,,
2024-12-13,4.19,4.19,4.112,4.118,160492700.0,660.91,1.85,-2.23,-0.094,0.0,510330,沪深300ETF华夏,2025-09-06 17:14:18,,,,,,,,,,,,,,,,,,,,,,,,
2024-12-12,4.172,4.218,4.165,4.212,78842000.0,332.08,1.27,0.98,0.041,0.0,510330,沪深300ETF华夏,2025-09-06 17:14:18,,,,,,,,,,,,,,,,,,,,,,,,
2024-12-11,4.176,4.19,4.161,4.171,133274100.0,555.89,0.69,-0.31,-0.013,0.0,510330,沪深300ETF华夏,2025-09-06 17:14:18,,,,,,,,,,,,,,,,,,,,,,,,
2024-12-10,4.297,4.297,4.172,4.184,140489100.0,587.81,3.01,0.79,0.033,0.0,510330,沪深300ETF华夏,2025-09-06 17:14:18,,,,,,,,,,,,,,,,,,,,,,,,
2024-12-09,4.151,4.178,4.125,4.151,83842000.0,348.03,1.28,-0.02,-0.001,0.0,510330,沪深300ETF华夏,2025-09-06 17:14:18,,,,,,,,,,,,,,,,,,,,,,,,
2024-12-06,4.106,4.18,4.1,4.152,127584600.0,529.73,1.95,1.22,0.05,0.0,510330,沪深300ETF华夏,2025-09-06 17:14:18,,,,,,,,,,,,,,,,,,,,,,,,
2024-12-05,4.099,4.116,4.086,4.102,58081000.0,238.25,0.73,-0.1,-0.004,0.0,510330,沪深300ETF华夏,2025-09-06 17:14:18,,,,,,,,,,,,,,,,,,,,,,,,
2024-12-04,4.121,4.136,4.096,4.106,141842300.0,582.4,0.97,-0.48,-0.02,0.0,510330,沪深300ETF华夏,2025-09-06 17:14:18,,,,,,,,,,,,,,,,,,,,,,,,
2024-12-03,4.121,4.146,4.099,4.126,113056300.0,466.47,1.14,0.05,0.002,0.0,510330,沪深300ETF华夏,2025-09-06 17:14:18,,,,,,,,,,,,,,,,,,,,,,,,
2024-12-02,4.09,4.137,4.083,4.124,96526700.0,398.08,1.32,0.71,0.029,0.0,510330,沪深300ETF华夏,2025-09-06 17:14:18,,,,,,,,,,,,,,,,,,,,,,,,
2024-11-29,4.045,4.14,4.042,4.095,151407900.0,620.02,2.42,1.14,0.046,0.0,510330,沪深300ETF华夏,2025-09-06 17:14:18,,,,,,,,,,,,,,,,,,,,,,,,
2024-11-28,4.088,4.088,4.042,4.049,112619400.0,456.0,1.13,-0.81,-0.033,0.0,510330,沪深300ETF华夏,2025-09-06 17:14:18,,,,,,,,,,,,,,,,,,,,,,,,
2024-11-27,4.012,4.086,3.991,4.082,110638541.0,451.63,2.37,1.69,0.068,0.0,510330,沪深300ETF华夏,2025-09-06 17:14:18,,,,,,,,,,,,,,,,,,,,,,,,
2024-11-26,4.011,4.051,4.004,4.014,132636040.0,532.4,1.17,-0.17,-0.007,0.0,510330,沪深300ETF华夏,2025-09-06 17:14:18,,,,,,,,,,,,,,,,,,,,,,,,
2024-11-25,4.046,4.065,3.983,4.021,96914729.0,389.69,2.03,-0.64,-0.026,0.0,510330,沪深300ETF华夏,2025-09-06 17:14:18,,,,,,,,,,,,,,,,,,,,,,,,
2024-11-22,4.165,4.172,4.043,4.047,127752581.0,517.01,3.09,-2.93,-0.122,0.0,510330,沪深300ETF华夏,2025-09-06 17:14:18,,,,,,,,,,,,,,,,,,,,,,,,
2024-11-21,4.163,4.178,4.144,4.169,74225830.0,309.45,0.82,0.12,0.005,0.0,510330,沪深300ETF华夏,2025-09-06 17:14:18,,,,,,,,,,,,,,,,,,,,,,,,
2024-11-20,4.144,4.181,4.135,4.164,90539000.0,377.0,1.11,0.26,0.011,0.0,510330,沪深300ETF华夏,2025-09-06 17:14:18,,,,,,,,,,,,,,,,,,,,,,,,
2024-11-19,4.139,4.158,4.072,4.153,125065500.0,519.4,2.08,0.53,0.022,0.0,510330,沪深300ETF华夏,2025-09-06 17:14:18,,,,,,,,,,,,,,,,,,,,,,,,
2024-11-18,4.155,4.213,4.107,4.131,139246200.0,575.23,2.55,-0.46,-0.019,0.0,510330,沪深300ETF华夏,2025-09-06 17:14:18,,,,,,,,,,,,,,,,,,,,,,,,
2024-11-15,4.218,4.233,4.146,4.15,201125100.0,834.67,2.06,-1.82,-0.077,0.0,510330,沪深300ETF华夏,2025-09-06 17:14:18,,,,,,,,,,,,,,,,,,,,,,,,
2024-11-14,4.295,4.302,4.219,4.227,96787491.0,409.12,1.93,-1.67,-0.072,0.0,510330,沪深300ETF华夏,2025-09-06 17:14:18,,,,,,,,,,,,,,,,,,,,,,,,
2024-11-13,4.256,4.306,4.251,4.299,165771582.0,712.65,1.29,0.77,0.033,0.0,510330,沪深300ETF华夏,2025-09-06 17:14:18,,,,,,,,,,,,,,,,,,,,,,,,
2024-11-12,4.319,4.37,4.244,4.266,180298100.0,769.15,2.92,-1.14,-0.049,0.0,510330,沪深300ETF华夏,2025-09-06 17:14:18,,,,,,,,,,,,,,,,,,,,,,,,
2024-11-11,4.264,4.319,4.228,4.315,294172000.0,1269.35,2.12,0.47,0.02,0.0,510330,沪深300ETF华夏,2025-09-06 17:14:18,,,,,,,,,,,,,,,,,,,,,,,,
2024-11-08,4.366,4.395,4.278,4.295,277903500.0,1193.6,2.69,-1.2,-0.052,0.0,510330,沪深300ETF华夏,2025-09-06 17:14:18,,,,,,,,,,,,,,,,,,,,,,,,
2024-11-07,4.175,4.35,4.175,4.347,292829300.0,1272.93,4.16,3.33,0.14,0.0,510330,沪深300ETF华夏,2025-09-06 17:14:18,,,,,,,,,,,,,,,,,,,,,,,,
2024-11-06,4.226,4.279,4.184,4.207,315815400.0,1328.64,2.24,-0.64,-0.027,0.0,510330,沪深300ETF华夏,2025-09-06 17:14:18,,,,,,,,,,,,,,,,,,,,,,,,
2024-11-05,4.11,4.235,4.105,4.234,259587634.0,1099.09,3.15,2.62,0.108,0.0,510330,沪深300ETF华夏,2025-09-06 17:14:18,,,,,,,,,,,,,,,,,,,,,,,,
2024-11-04,4.074,4.128,4.066,4.126,155493469.0,641.57,1.52,1.33,0.054,0.0,510330,沪深300ETF华夏,2025-09-06 17:14:18,,,,,,,,,,,,,,,,,,,,,,,,
2024-11-01,4.063,4.112,4.056,4.072,162115324.0,660.13,1.38,0.2,0.008,0.0,510330,沪深300ETF华夏,2025-09-06 17:14:18,,,,,,,,,,,,,,,,,,,,,,,,
2024-10-31,4.088,4.1,4.029,4.064,202942600.0,824.76,1.75,0.05,0.002,0.0,510330,沪深300ETF华夏,2025-09-06 17:14:18,,,,,,,,,,,,,,,,,,,,,,,,
2024-10-30,4.103,4.104,4.039,4.062,351724110.0,1428.7,1.58,-1.07,-0.044,0.0,510330,沪深300ETF华夏,2025-09-06 17:14:18,,,,,,,,,,,,,,,,,,,,,,,,
2024-10-29,4.143,4.175,4.098,4.106,274415200.0,1126.75,1.86,-0.89,-0.037,0.0,510330,沪深300ETF华夏,2025-09-06 17:14:18,,,,,,,,,,,,,,,,,,,,,,,,
2024-10-28,4.132,4.144,4.095,4.143,158442800.0,656.43,1.19,0.22,0.009,0.0,510330,沪深300ETF华夏,2025-09-06 17:14:18,,,,,,,,,,,,,,,,,,,,,,,,
2024-10-25,4.114,4.174,4.099,4.134,187374499.0,774.61,1.83,0.68,0.028,0.0,510330,沪深300ETF华夏,2025-09-06 17:14:18,,,,,,,,,,,,,,,,,,,,,,,,
2024-10-24,4.133,4.135,4.089,4.106,173792400.0,713.59,1.11,-1.08,-0.045,0.0,510330,沪深300ETF华夏,2025-09-06 17:14:18,,,,,,,,,,,,,,,,,,,,,,,,
2024-10-23,4.13,4.192,4.114,4.151,309893200.0,1286.37,1.89,0.39,0.016,0.0,510330,沪深300ETF华夏,2025-09-06 17:14:18,,,,,,,,,,,,,,,,,,,,,,,,
2024-10-22,4.1,4.141,4.093,4.135,177358900.0,733.38,1.17,0.61,0.025,0.0,510330,沪深300ETF华夏,2025-09-06 17:14:18,,,,,,,,,,,,,,,,,,,,,,,,
2024-10-21,4.12,4.155,4.075,4.11,215380456.0,885.21,1.95,0.17,0.007,0.0,510330,沪深300ETF华夏,2025-09-06 17:14:18,,,,,,,,,,,,,,,,,,,,,,,,
2024-10-18,3.948,4.228,3.934,4.103,311036810.0,1276.18,7.44,3.82,0.151,0.0,510330,沪深300ETF华夏,2025-09-06 17:14:18,,,,,,,,,,,,,,,,,,,,,,,,
2024-10-17,4.02,4.052,3.95,3.952,284356200.0,1123.78,2.55,-1.1,-0.044,0.0,510330,沪深300ETF华夏,2025-09-06 17:14:18,,,,,,,,,,,,,,,,,,,,,,,,
2024-10-16,3.991,4.052,3.976,3.996,224948661.0,898.89,1.89,-0.67,-0.027,0.0,510330,沪深300ETF华夏,2025-09-06 17:14:18,,,,,,,,,,,,,,,,,,,,,,,,
2024-10-15,4.12,4.146,4.02,4.023,303980300.0,1222.91,3.05,-2.64,-0.109,0.0,510330,沪深300ETF华夏,2025-09-06 17:14:18,,,,,,,,,,,,,,,,,,,,,,,,
2024-10-14,4.067,4.155,4.04,4.132,340659600.0,1407.61,2.83,1.6,0.065,0.0,510330,沪深300ETF华夏,2025-09-06 17:14:18,,,,,,,,,,,,,,,,,,,,,,,,
2024-10-11,4.178,4.178,4.016,4.067,394101400.0,1602.81,3.87,-2.73,-0.114,0.0,510330,沪深300ETF华夏,2025-09-06 17:14:18,,,,,,,,,,,,,,,,,,,,,,,,
2024-10-10,4.138,4.286,4.09,4.181,549855275.0,2298.94,4.77,1.68,0.069,0.0,510330,沪深300ETF华夏,2025-09-06 17:14:18,,,,,,,,,,,,,,,,,,,,,,,,
2024-10-09,4.362,4.385,4.1,4.112,588941300.0,2421.73,6.41,-7.45,-0.331,0.0,510330,沪深300ETF华夏,2025-09-06 17:14:18,,,,,,,,,,,,,,,,,,,,,,,,
2024-10-08,4.752,4.752,4.325,4.443,629084400.0,2795.02,9.88,2.85,0.123,0.0,510330,沪深300ETF华夏,2025-09-06 17:14:18,,,,,,,,,,,,,,,,,,,,,,,,
2024-09-30,4.2,4.325,3.97,4.32,574295331.0,2480.96,9.03,9.87,0.388,0.0,510330,沪深300ETF华夏,2025-09-06 17:14:18,,,,,,,,,,,,,,,,,,,,,,,,
2024-09-27,3.817,3.981,3.751,3.932,199515800.0,784.5,6.18,5.61,0.209,0.0,510330,沪深300ETF华夏,2025-09-06 17:14:18,,,,,,,,,,,,,,,,,,,,,,,,
2024-09-26,3.544,3.727,3.544,3.723,375920400.0,1399.55,5.15,4.84,0.172,0.0,510330,沪深300ETF华夏,2025-09-06 17:14:18,,,,,,,,,,,,,,,,,,,,,,,,
2024-09-25,3.578,3.621,3.544,3.551,342487500.0,1216.17,2.2,1.43,0.05,0.0,510330,沪深300ETF华夏,2025-09-06 17:14:18,,,,,,,,,,,,,,,,,,,,,,,,
2024-09-24,3.381,3.503,3.364,3.501,372653600.0,1304.66,4.14,4.35,0.146,0.0,510330,沪深300ETF华夏,2025-09-06 17:14:18,,,,,,,,,,,,,,,,,,,,,,,,
2024-09-23,3.338,3.373,3.335,3.355,95528200.0,320.5,1.14,0.36,0.012,0.0,510330,沪深300ETF华夏,2025-09-06 17:14:18,,,,,,,,,,,,,,,,,,,,,,,,
2024-09-20,3.333,3.352,3.311,3.343,1114840900.0,3726.91,1.23,0.18,0.006,0.0,510330,沪深300ETF华夏,2025-09-06 17:14:18,,,,,,,,,,,,,,,,,,,,,,,,
2024-09-19,3.31,3.358,3.287,3.337,144758900.0,483.06,2.15,0.88,0.029,0.0,510330,沪深300ETF华夏,2025-09-06 17:14:18,,,,,,,,,,,,,,,,,,,,,,,,
2024-09-18,3.299,3.322,3.283,3.308,425500200.0,1407.55,1.18,0.3,0.01,0.0,510330,沪深300ETF华夏,2025-09-06 17:14:18,,,,,,,,,,,,,,,,,,,,,,,,
2024-09-13,3.317,3.33,3.297,3.298,101876400.0,335.99,1.0,-0.54,-0.018,0.0,510330,沪深300ETF华夏,2025-09-06 17:14:18,,,,,,,,,,,,,,,,,,,,,,,,
2024-09-12,3.328,3.343,3.313,3.316,115177700.0,381.93,0.9,-0.27,-0.009,0.0,510330,沪深300ETF华夏,2025-09-06 17:14:18,,,,,,,,,,,,,,,,,,,,,,,,
2024-09-11,3.325,3.338,3.312,3.325,109769700.0,364.98,0.78,-0.21,-0.007,0.0,510330,沪深300ETF华夏,2025-09-06 17:14:18,,,,,,,,,,,,,,,,,,,,,,,,
2024-09-10,3.332,3.348,3.309,3.332,147413500.0,491.18,1.17,0.0,0.0,0.0,510330,沪深300ETF华夏,2025-09-06 17:14:18,,,,,,,,,,,,,,,,,,,,,,,,
2024-09-09,3.36,3.367,3.319,3.332,154504100.0,514.81,1.42,-1.22,-0.041,0.0,510330,沪深300ETF华夏,2025-09-06 17:14:18,,,,,,,,,,,,,,,,,,,,,,,,
2024-09-06,3.409,3.419,3.369,3.373,106181400.0,358.15,0.0,0.0,0.0,0.0,510330,沪深300ETF华夏,2025-09-06 17:14:18,,,,,,,,,,,,,,,,,,,,,,,,
