日期,开盘,最高,最低,收盘,成交量,成交额,振幅,涨跌幅,涨跌额,换手率,ETF代码,ETF名称,爬取时间,折溢价率,IOPV,前收盘,量比,委比,外盘,内盘,主力净流入-净额,主力净流入-净占比,超大单净流入-净额,超大单净流入-净占比,大单净流入-净额,大单净流入-净占比,中单净流入-净额,中单净流入-净占比,小单净流入-净额,小单净流入-净占比,现手,买一,卖一,最新份额,流通市值,总市值,更新时间
2025-09-22,4.425,4.449,4.412,4.448,263522600.0,11721485.25,0.84,0.52,0.023,,510310,沪深300ETF易方达,2025-09-22 21:52:51,,,,,,,,,,,,,,,,,,,,,,,,
2025-09-19,4.423,4.459,4.415,4.435,168351339.0,7466381.88,0.99,-0.38,-0.017,,510310,沪深300ETF易方达,2025-09-19 18:14:22,,,,,,,,,,,,,,,,,,,,,,,,
2025-09-18,4.499,4.524,4.403,4.452,253554363.0,11288240.24,2.69,-1.07,-0.048,,510310,沪深300ETF易方达,2025-09-19 18:14:22,,,,,,,,,,,,,,,,,,,,,,,,
2025-09-17,4.469,4.507,4.449,4.5,150463058.0,6770837.61,1.3,0.69,0.031,,510310,沪深300ETF易方达,2025-09-19 18:14:22,,,,,,,,,,,,,,,,,,,,,,,,
2025-09-16,4.478,4.501,4.441,4.47,132081989.0,5904064.91,1.34,-0.18,-0.008,,510310,沪深300ETF易方达,2025-09-18 22:22:51,,,,,,,,,,,,,,,,,,,,,,,,
2025-09-12,4.512,4.512,4.464,4.469,15935.41,714854178.0,1.06,-0.87,-0.039,0.24,510310,沪深300ETF易方达,2025-09-12 22:21:36,-0.12,4.4637,4.508,0.84,-10.88,770267.0,823274.0,-50862844.0,-7.12,-10385488.0,-1.45,-40477356.0,-5.66,48412764.0,6.77,2450066.0,0.34,-22.0,4.469,4.47,67137043968.0,300035449493.0,300035449493.0,2025-09-12 16:12:01+08:00
2025-09-11,4.377,4.512,4.37,4.508,210501539.0,9489409.38,0.0,0.0,0.0,0.0,510310,沪深300ETF易方达,2025-09-11 22:22:15,0.0,,,,,,,,,,,,,,,,,,,,,,,
2025-09-10,4.375,4.415,4.362,4.391,136053992.0,5974130.79,0.0,0.0,0.0,0.0,510310,沪深300ETF易方达,2025-09-10 22:21:27,0.0,,,,,,,,,,,,,,,,,,,,,,,
2025-09-09,4.402,4.415,4.357,4.382,228798175.0,10025936.03,0.0,0.0,0.0,0.0,510310,沪深300ETF易方达,2025-09-09 18:27:56,,,,,,,,,,,,,,,,,,,,,,,,
2025-09-08,4.408,4.425,4.378,4.41,172460677.0,7605515.86,0.0,0.0,0.0,0.0,510310,沪深300ETF易方达,2025-09-08 18:27:51,,,,,,,,,,,,,,,,,,,,,,,,
2025-09-05,4.305,4.417,4.296,4.408,202353816.0,891.98,2.81,2.27,0.098,0.0,510310,沪深300ETF易方达,2025-09-06 17:14:18,,,,,,,,,,,,,,,,,,,,,,,,
2025-09-04,4.4,4.407,4.268,4.31,278972254.0,1202.37,3.16,-2.0,-0.088,0.0,510310,沪深300ETF易方达,2025-09-06 17:14:18,,,,,,,,,,,,,,,,,,,,,,,,
2025-09-03,4.439,4.454,4.376,4.398,188484623.0,828.96,1.76,-0.9,-0.04,0.0,510310,沪深300ETF易方达,2025-09-06 17:14:18,,,,,,,,,,,,,,,,,,,,,,,,
2025-09-02,4.469,4.49,4.403,4.438,183903690.0,816.16,1.95,-0.69,-0.031,0.0,510310,沪深300ETF易方达,2025-09-06 17:14:18,,,,,,,,,,,,,,,,,,,,,,,,
2025-09-01,4.452,4.473,4.43,4.469,215310132.0,962.22,0.97,0.38,0.017,0.0,510310,沪深300ETF易方达,2025-09-06 17:14:18,,,,,,,,,,,,,,,,,,,,,,,,
2025-08-29,4.406,4.464,4.393,4.452,279446156.0,1244.09,1.61,1.0,0.044,0.0,510310,沪深300ETF易方达,2025-09-06 17:14:18,,,,,,,,,,,,,,,,,,,,,,,,
2025-08-28,4.323,4.41,4.306,4.408,436453975.0,1923.89,2.4,1.75,0.076,0.0,510310,沪深300ETF易方达,2025-09-06 17:14:18,,,,,,,,,,,,,,,,,,,,,,,,
2025-08-27,4.395,4.438,4.328,4.332,261390317.0,1132.34,2.5,-1.43,-0.063,0.0,510310,沪深300ETF易方达,2025-09-06 17:14:18,,,,,,,,,,,,,,,,,,,,,,,,
2025-08-26,4.409,4.424,4.379,4.395,258516692.0,1136.18,1.02,-0.5,-0.022,0.0,510310,沪深300ETF易方达,2025-09-06 17:14:18,,,,,,,,,,,,,,,,,,,,,,,,
2025-08-25,4.357,4.423,4.353,4.417,363067256.0,1603.67,1.62,1.92,0.083,0.0,510310,沪深300ETF易方达,2025-09-06 17:14:18,,,,,,,,,,,,,,,,,,,,,,,,
2025-08-22,4.235,4.336,4.233,4.334,231665867.0,1004.04,2.43,2.34,0.099,0.0,510310,沪深300ETF易方达,2025-09-06 17:14:18,,,,,,,,,,,,,,,,,,,,,,,,
2025-08-21,4.225,4.252,4.218,4.235,257188451.0,1089.19,0.81,0.31,0.013,0.0,510310,沪深300ETF易方达,2025-09-06 17:14:18,,,,,,,,,,,,,,,,,,,,,,,,
2025-08-20,4.154,4.223,4.133,4.222,267778151.0,1130.56,2.16,1.37,0.057,0.0,510310,沪深300ETF易方达,2025-09-06 17:14:18,,,,,,,,,,,,,,,,,,,,,,,,
2025-08-19,4.19,4.206,4.157,4.165,206019251.0,858.07,1.17,-0.5,-0.021,0.0,510310,沪深300ETF易方达,2025-09-06 17:14:18,,,,,,,,,,,,,,,,,,,,,,,,
2025-08-18,4.157,4.219,4.146,4.186,235888947.0,987.43,1.76,0.75,0.031,0.0,510310,沪深300ETF易方达,2025-09-06 17:14:18,,,,,,,,,,,,,,,,,,,,,,,,
2025-08-15,4.111,4.165,4.104,4.155,202634456.0,841.95,1.48,0.78,0.032,0.0,510310,沪深300ETF易方达,2025-09-06 17:14:18,,,,,,,,,,,,,,,,,,,,,,,,
2025-08-14,4.126,4.166,4.111,4.123,196715673.0,811.06,1.33,-0.07,-0.003,0.0,510310,沪深300ETF易方达,2025-09-06 17:14:18,,,,,,,,,,,,,,,,,,,,,,,,
2025-08-13,4.096,4.135,4.092,4.126,247358996.0,1020.6,1.05,0.81,0.033,0.0,510310,沪深300ETF易方达,2025-09-06 17:14:18,,,,,,,,,,,,,,,,,,,,,,,,
2025-08-12,4.07,4.102,4.064,4.093,167601629.0,685.99,0.93,0.39,0.016,0.0,510310,沪深300ETF易方达,2025-09-06 17:14:18,,,,,,,,,,,,,,,,,,,,,,,,
2025-08-11,4.05,4.082,4.048,4.077,183236718.0,747.06,0.84,0.72,0.029,0.0,510310,沪深300ETF易方达,2025-09-06 17:14:18,,,,,,,,,,,,,,,,,,,,,,,,
2025-08-08,4.051,4.065,4.04,4.048,141449104.0,572.59,0.62,-0.25,-0.01,0.0,510310,沪深300ETF易方达,2025-09-06 17:14:18,,,,,,,,,,,,,,,,,,,,,,,,
2025-08-07,4.059,4.073,4.036,4.058,165606568.0,672.03,0.91,0.0,0.0,0.0,510310,沪深300ETF易方达,2025-09-06 17:14:18,,,,,,,,,,,,,,,,,,,,,,,,
2025-08-06,4.049,4.063,4.041,4.058,168904106.0,685.41,0.54,0.22,0.009,0.0,510310,沪深300ETF易方达,2025-09-06 17:14:18,,,,,,,,,,,,,,,,,,,,,,,,
2025-08-05,4.023,4.05,4.018,4.049,134917172.0,546.28,0.8,0.8,0.032,0.0,510310,沪深300ETF易方达,2025-09-06 17:14:18,,,,,,,,,,,,,,,,,,,,,,,,
2025-08-04,3.996,4.02,3.984,4.017,76858018.0,308.74,0.9,0.3,0.012,0.0,510310,沪深300ETF易方达,2025-09-06 17:14:18,,,,,,,,,,,,,,,,,,,,,,,,
2025-08-01,4.015,4.03,3.984,4.005,133963142.0,536.52,1.13,-1.43,-0.058,0.0,510310,沪深300ETF易方达,2025-09-06 17:14:18,,,,,,,,,,,,,,,,,,,,,,,,
2025-07-31,4.122,4.127,4.047,4.063,288464124.0,1172.03,1.93,-1.76,-0.073,0.0,510310,沪深300ETF易方达,2025-09-06 17:14:18,,,,,,,,,,,,,,,,,,,,,,,,
2025-07-30,4.137,4.17,4.111,4.136,225785972.0,933.85,1.43,-0.1,-0.004,0.0,510310,沪深300ETF易方达,2025-09-06 17:14:18,,,,,,,,,,,,,,,,,,,,,,,,
2025-07-29,4.11,4.14,4.099,4.14,248522350.0,1028.88,1.0,0.49,0.02,0.0,510310,沪深300ETF易方达,2025-09-06 17:14:18,,,,,,,,,,,,,,,,,,,,,,,,
2025-07-28,4.108,4.128,4.092,4.12,268370257.0,1105.69,0.88,0.27,0.011,0.0,510310,沪深300ETF易方达,2025-09-06 17:14:18,,,,,,,,,,,,,,,,,,,,,,,,
2025-07-25,4.128,4.129,4.097,4.109,253007219.0,1039.61,0.78,-0.48,-0.02,0.0,510310,沪深300ETF易方达,2025-09-06 17:14:18,,,,,,,,,,,,,,,,,,,,,,,,
2025-07-24,4.099,4.134,4.096,4.129,193504295.0,798.98,0.93,0.61,0.025,0.0,510310,沪深300ETF易方达,2025-09-06 17:14:18,,,,,,,,,,,,,,,,,,,,,,,,
2025-07-23,4.112,4.14,4.095,4.104,235282175.0,965.6,1.1,-0.07,-0.003,0.0,510310,沪深300ETF易方达,2025-09-06 17:14:18,,,,,,,,,,,,,,,,,,,,,,,,
2025-07-22,4.066,4.108,4.05,4.107,234392250.0,962.65,1.43,1.01,0.041,0.0,510310,沪深300ETF易方达,2025-09-06 17:14:18,,,,,,,,,,,,,,,,,,,,,,,,
2025-07-21,4.042,4.07,4.042,4.066,270461380.0,1099.7,0.69,0.67,0.027,0.0,510310,沪深300ETF易方达,2025-09-06 17:14:18,,,,,,,,,,,,,,,,,,,,,,,,
2025-07-18,4.015,4.044,4.014,4.039,248338573.0,1003.04,0.75,0.75,0.03,0.0,510310,沪深300ETF易方达,2025-09-06 17:14:18,,,,,,,,,,,,,,,,,,,,,,,,
2025-07-17,3.978,4.01,3.977,4.009,191133138.0,766.25,0.83,0.8,0.032,0.0,510310,沪深300ETF易方达,2025-09-06 17:14:18,,,,,,,,,,,,,,,,,,,,,,,,
2025-07-16,3.987,4.001,3.964,3.977,120750487.0,480.22,0.93,-0.25,-0.01,0.0,510310,沪深300ETF易方达,2025-09-06 17:14:18,,,,,,,,,,,,,,,,,,,,,,,,
2025-07-15,3.99,4.012,3.963,3.987,230630372.0,919.52,1.23,0.03,0.001,0.0,510310,沪深300ETF易方达,2025-09-06 17:14:18,,,,,,,,,,,,,,,,,,,,,,,,
2025-07-14,3.987,4.002,3.981,3.986,232515951.0,926.81,0.53,-0.08,-0.003,0.0,510310,沪深300ETF易方达,2025-09-06 17:14:18,,,,,,,,,,,,,,,,,,,,,,,,
2025-07-11,3.974,4.038,3.974,3.989,314425097.0,1254.24,1.61,0.4,0.016,0.0,510310,沪深300ETF易方达,2025-09-06 17:14:18,,,,,,,,,,,,,,,,,,,,,,,,
2025-07-10,3.955,3.998,3.954,3.973,267001519.0,1060.8,1.11,0.46,0.018,0.0,510310,沪深300ETF易方达,2025-09-06 17:14:18,,,,,,,,,,,,,,,,,,,,,,,,
2025-07-09,3.956,3.979,3.95,3.955,233638287.0,924.04,0.73,-0.05,-0.002,0.0,510310,沪深300ETF易方达,2025-09-06 17:14:18,,,,,,,,,,,,,,,,,,,,,,,,
2025-07-08,3.92,3.965,3.917,3.957,196626785.0,778.05,1.22,0.84,0.033,0.0,510310,沪深300ETF易方达,2025-09-06 17:14:18,,,,,,,,,,,,,,,,,,,,,,,,
2025-07-07,3.939,3.94,3.915,3.924,222031963.0,871.25,0.63,-0.46,-0.018,0.0,510310,沪深300ETF易方达,2025-09-06 17:14:18,,,,,,,,,,,,,,,,,,,,,,,,
2025-07-04,3.916,3.974,3.915,3.942,250856689.0,988.88,1.5,0.41,0.016,0.0,510310,沪深300ETF易方达,2025-09-06 17:14:18,,,,,,,,,,,,,,,,,,,,,,,,
2025-07-03,3.902,3.93,3.901,3.926,112774866.0,442.75,0.74,0.54,0.021,0.0,510310,沪深300ETF易方达,2025-09-06 17:14:18,,,,,,,,,,,,,,,,,,,,,,,,
2025-07-02,3.895,3.909,3.887,3.905,167323216.0,653.4,0.56,0.15,0.006,0.0,510310,沪深300ETF易方达,2025-09-06 17:14:18,,,,,,,,,,,,,,,,,,,,,,,,
2025-07-01,3.893,3.904,3.881,3.899,97713058.0,380.98,0.59,0.13,0.005,0.0,510310,沪深300ETF易方达,2025-09-06 17:14:18,,,,,,,,,,,,,,,,,,,,,,,,
2025-06-30,3.873,3.896,3.867,3.894,421920720.0,1642.96,0.75,0.54,0.021,0.0,510310,沪深300ETF易方达,2025-09-06 17:14:18,,,,,,,,,,,,,,,,,,,,,,,,
2025-06-27,3.898,3.923,3.869,3.873,400474023.0,1551.04,1.39,-0.62,-0.024,0.0,510310,沪深300ETF易方达,2025-09-06 17:14:18,,,,,,,,,,,,,,,,,,,,,,,,
2025-06-26,3.909,3.914,3.896,3.897,413411723.0,1611.07,0.46,-0.33,-0.013,0.0,510310,沪深300ETF易方达,2025-09-06 17:14:18,,,,,,,,,,,,,,,,,,,,,,,,
2025-06-25,3.853,3.914,3.847,3.91,347951919.0,1360.49,1.74,1.64,0.063,0.0,510310,沪深300ETF易方达,2025-09-06 17:14:18,,,,,,,,,,,,,,,,,,,,,,,,
2025-06-24,3.809,3.862,3.809,3.847,309127131.0,1189.21,1.39,1.1,0.042,0.0,510310,沪深300ETF易方达,2025-09-06 17:14:18,,,,,,,,,,,,,,,,,,,,,,,,
2025-06-23,3.781,3.814,3.775,3.805,187090594.0,711.88,1.03,0.4,0.015,0.0,510310,沪深300ETF易方达,2025-09-06 17:14:18,,,,,,,,,,,,,,,,,,,,,,,,
2025-06-20,3.78,3.8,3.78,3.79,117729455.0,446.19,0.53,0.11,0.004,0.0,510310,沪深300ETF易方达,2025-09-06 17:14:18,,,,,,,,,,,,,,,,,,,,,,,,
2025-06-19,3.81,3.811,3.776,3.786,219721199.0,831.86,0.92,-0.79,-0.03,0.0,510310,沪深300ETF易方达,2025-09-06 17:14:18,,,,,,,,,,,,,,,,,,,,,,,,
2025-06-18,3.809,3.821,3.794,3.816,159051146.0,606.94,0.71,0.1,0.004,0.0,510310,沪深300ETF易方达,2025-09-06 17:14:18,,,,,,,,,,,,,,,,,,,,,,,,
2025-06-17,3.815,3.82,3.798,3.812,146513085.0,558.51,0.58,-0.05,-0.002,0.0,510310,沪深300ETF易方达,2025-09-06 17:14:18,,,,,,,,,,,,,,,,,,,,,,,,
2025-06-16,3.801,3.818,3.795,3.814,131068876.0,499.9,0.6,0.21,0.008,0.0,510310,沪深300ETF易方达,2025-09-06 17:14:18,,,,,,,,,,,,,,,,,,,,,,,,
2025-06-13,3.82,3.825,3.791,3.806,269332011.0,1025.08,0.89,-0.6,-0.023,0.0,510310,沪深300ETF易方达,2025-09-06 17:14:18,,,,,,,,,,,,,,,,,,,,,,,,
2025-06-12,3.826,3.836,3.805,3.829,262022533.0,1003.28,0.81,0.08,0.003,0.0,510310,沪深300ETF易方达,2025-09-06 17:14:18,,,,,,,,,,,,,,,,,,,,,,,,
2025-06-11,3.798,3.847,3.798,3.826,249900385.0,956.12,1.29,0.76,0.029,0.0,510310,沪深300ETF易方达,2025-09-06 17:14:18,,,,,,,,,,,,,,,,,,,,,,,,
2025-06-10,3.818,3.828,3.784,3.797,260041550.0,987.38,1.15,-0.55,-0.021,0.0,510310,沪深300ETF易方达,2025-09-06 17:14:18,,,,,,,,,,,,,,,,,,,,,,,,
2025-06-09,3.81,3.833,3.809,3.818,185110642.0,706.75,0.63,0.21,0.008,0.0,510310,沪深300ETF易方达,2025-09-06 17:14:18,,,,,,,,,,,,,,,,,,,,,,,,
2025-06-06,3.811,3.823,3.802,3.81,148940875.0,567.46,0.55,0.05,0.002,0.0,510310,沪深300ETF易方达,2025-09-06 17:14:18,,,,,,,,,,,,,,,,,,,,,,,,
2025-06-05,3.803,3.818,3.791,3.808,195164077.0,743.18,0.71,0.26,0.01,0.0,510310,沪深300ETF易方达,2025-09-06 17:14:18,,,,,,,,,,,,,,,,,,,,,,,,
2025-06-04,3.788,3.81,3.785,3.798,185161116.0,703.24,0.66,0.42,0.016,0.0,510310,沪深300ETF易方达,2025-09-06 17:14:18,,,,,,,,,,,,,,,,,,,,,,,,
2025-06-03,3.772,3.797,3.765,3.782,131445589.0,497.13,0.85,-0.03,-0.001,0.0,510310,沪深300ETF易方达,2025-09-06 17:14:18,,,,,,,,,,,,,,,,,,,,,,,,
2025-05-30,3.785,3.788,3.758,3.783,203390154.0,769.42,0.79,-0.16,-0.006,0.0,510310,沪深300ETF易方达,2025-09-06 17:14:18,,,,,,,,,,,,,,,,,,,,,,,,
2025-05-29,3.774,3.804,3.765,3.789,251208606.0,951.83,1.04,0.56,0.021,0.0,510310,沪深300ETF易方达,2025-09-06 17:14:18,,,,,,,,,,,,,,,,,,,,,,,,
2025-05-28,3.778,3.781,3.764,3.768,100181066.0,377.48,0.45,-0.08,-0.003,0.0,510310,沪深300ETF易方达,2025-09-06 17:14:18,,,,,,,,,,,,,,,,,,,,,,,,
2025-05-27,3.793,3.795,3.764,3.771,93379800.0,352.14,0.82,-0.58,-0.022,0.0,510310,沪深300ETF易方达,2025-09-06 17:14:18,,,,,,,,,,,,,,,,,,,,,,,,
2025-05-26,3.81,3.816,3.78,3.793,124433682.0,471.98,0.94,-0.5,-0.019,0.0,510310,沪深300ETF易方达,2025-09-06 17:14:18,,,,,,,,,,,,,,,,,,,,,,,,
2025-05-23,3.838,3.86,3.809,3.812,244139127.0,930.66,1.33,-0.73,-0.028,0.0,510310,沪深300ETF易方达,2025-09-06 17:14:18,,,,,,,,,,,,,,,,,,,,,,,,
2025-05-22,3.838,3.849,3.826,3.84,172534607.0,662.53,0.6,-0.1,-0.004,0.0,510310,沪深300ETF易方达,2025-09-06 17:14:18,,,,,,,,,,,,,,,,,,,,,,,,
2025-05-21,3.826,3.855,3.825,3.844,165540431.0,636.34,0.78,0.47,0.018,0.0,510310,沪深300ETF易方达,2025-09-06 17:14:18,,,,,,,,,,,,,,,,,,,,,,,,
2025-05-20,3.805,3.839,3.804,3.826,160414744.0,613.75,0.92,0.5,0.019,0.0,510310,沪深300ETF易方达,2025-09-06 17:14:18,,,,,,,,,,,,,,,,,,,,,,,,
2025-05-19,3.811,3.811,3.79,3.807,133763535.0,509.24,0.55,-0.16,-0.006,0.0,510310,沪深300ETF易方达,2025-09-06 17:14:18,,,,,,,,,,,,,,,,,,,,,,,,
2025-05-16,3.827,3.831,3.8,3.813,217314377.0,828.62,0.81,-0.52,-0.02,0.0,510310,沪深300ETF易方达,2025-09-06 17:14:18,,,,,,,,,,,,,,,,,,,,,,,,
2025-05-15,3.857,3.861,3.827,3.833,219020450.0,839.51,0.88,-0.83,-0.032,0.0,510310,沪深300ETF易方达,2025-09-06 17:14:18,,,,,,,,,,,,,,,,,,,,,,,,
2025-05-14,3.818,3.885,3.815,3.865,354639661.0,1370.68,1.83,1.2,0.046,0.0,510310,沪深300ETF易方达,2025-09-06 17:14:18,,,,,,,,,,,,,,,,,,,,,,,,
2025-05-13,3.836,3.838,3.811,3.819,237346862.0,906.43,0.71,0.16,0.006,0.0,510310,沪深300ETF易方达,2025-09-06 17:14:18,,,,,,,,,,,,,,,,,,,,,,,,
2025-05-12,3.788,3.816,3.783,3.813,186466074.0,711.0,0.88,1.11,0.042,0.0,510310,沪深300ETF易方达,2025-09-06 17:14:18,,,,,,,,,,,,,,,,,,,,,,,,
2025-05-09,3.775,3.775,3.758,3.771,219789208.0,828.83,0.45,-0.11,-0.004,0.0,510310,沪深300ETF易方达,2025-09-06 17:14:18,,,,,,,,,,,,,,,,,,,,,,,,
2025-05-08,3.75,3.791,3.746,3.775,206941236.0,781.2,1.2,0.56,0.021,0.0,510310,沪深300ETF易方达,2025-09-06 17:14:18,,,,,,,,,,,,,,,,,,,,,,,,
2025-05-07,3.775,3.793,3.737,3.754,268793120.0,1009.05,1.5,0.62,0.023,0.0,510310,沪深300ETF易方达,2025-09-06 17:14:18,,,,,,,,,,,,,,,,,,,,,,,,
2025-05-06,3.715,3.734,3.706,3.731,234284578.0,874.12,0.76,1.03,0.038,0.0,510310,沪深300ETF易方达,2025-09-06 17:14:18,,,,,,,,,,,,,,,,,,,,,,,,
2025-04-30,3.698,3.714,3.691,3.693,145496178.0,537.32,0.62,-0.59,-0.022,0.0,510310,沪深300ETF易方达,2025-09-06 17:14:18,,,,,,,,,,,,,,,,,,,,,,,,
2025-04-29,3.72,3.728,3.709,3.715,170096239.0,631.91,0.51,-0.24,-0.009,0.0,510310,沪深300ETF易方达,2025-09-06 17:14:18,,,,,,,,,,,,,,,,,,,,,,,,
2025-04-28,3.727,3.733,3.713,3.724,194129759.0,722.94,0.54,-0.13,-0.005,0.0,510310,沪深300ETF易方达,2025-09-06 17:14:18,,,,,,,,,,,,,,,,,,,,,,,,
2025-04-25,3.731,3.745,3.721,3.729,209987809.0,783.04,0.64,-0.03,-0.001,0.0,510310,沪深300ETF易方达,2025-09-06 17:14:18,,,,,,,,,,,,,,,,,,,,,,,,
2025-04-24,3.73,3.75,3.717,3.73,140464816.0,523.93,0.88,-0.03,-0.001,0.0,510310,沪深300ETF易方达,2025-09-06 17:14:18,,,,,,,,,,,,,,,,,,,,,,,,
2025-04-23,3.738,3.749,3.722,3.731,141516881.0,528.0,0.72,0.16,0.006,0.0,510310,沪深300ETF易方达,2025-09-06 17:14:18,,,,,,,,,,,,,,,,,,,,,,,,
2025-04-22,3.719,3.74,3.719,3.725,189508841.0,705.92,0.56,0.08,0.003,0.0,510310,沪深300ETF易方达,2025-09-06 17:14:18,,,,,,,,,,,,,,,,,,,,,,,,
2025-04-21,3.71,3.73,3.706,3.722,332995667.0,1239.41,0.65,0.16,0.006,0.0,510310,沪深300ETF易方达,2025-09-06 17:14:18,,,,,,,,,,,,,,,,,,,,,,,,
2025-04-18,3.702,3.725,3.695,3.716,630277487.0,2342.11,0.81,0.11,0.004,0.0,510310,沪深300ETF易方达,2025-09-06 17:14:18,,,,,,,,,,,,,,,,,,,,,,,,
2025-04-17,3.689,3.719,3.689,3.712,533911715.0,1981.88,0.81,0.11,0.004,0.0,510310,沪深300ETF易方达,2025-09-06 17:14:18,,,,,,,,,,,,,,,,,,,,,,,,
2025-04-16,3.688,3.717,3.662,3.708,1407968312.0,5220.75,1.49,0.3,0.011,0.0,510310,沪深300ETF易方达,2025-09-06 17:14:18,,,,,,,,,,,,,,,,,,,,,,,,
2025-04-15,3.694,3.706,3.675,3.697,566852801.0,2095.65,0.84,-0.03,-0.001,0.0,510310,沪深300ETF易方达,2025-09-06 17:14:18,,,,,,,,,,,,,,,,,,,,,,,,
2025-04-14,3.701,3.713,3.691,3.698,405675732.0,1500.19,0.6,0.22,0.008,0.0,510310,沪深300ETF易方达,2025-09-06 17:14:18,,,,,,,,,,,,,,,,,,,,,,,,
2025-04-11,3.655,3.699,3.646,3.69,384388551.0,1418.39,1.44,0.38,0.014,0.0,510310,沪深300ETF易方达,2025-09-06 17:14:18,,,,,,,,,,,,,,,,,,,,,,,,
2025-04-10,3.669,3.696,3.65,3.676,368069591.0,1353.02,1.27,1.52,0.055,0.0,510310,沪深300ETF易方达,2025-09-06 17:14:18,,,,,,,,,,,,,,,,,,,,,,,,
2025-04-09,3.553,3.629,3.531,3.621,666317576.0,2412.74,2.74,1.09,0.039,0.0,510310,沪深300ETF易方达,2025-09-06 17:14:18,,,,,,,,,,,,,,,,,,,,,,,,
2025-04-08,3.524,3.592,3.518,3.582,4037349294.0,14461.79,2.11,2.26,0.079,0.0,510310,沪深300ETF易方达,2025-09-06 17:14:18,,,,,,,,,,,,,,,,,,,,,,,,
2025-04-07,3.61,3.695,3.456,3.503,3029882261.0,10613.68,6.29,-7.84,-0.298,0.0,510310,沪深300ETF易方达,2025-09-06 17:14:18,,,,,,,,,,,,,,,,,,,,,,,,
2025-04-03,3.787,3.823,3.78,3.801,403659928.0,1534.31,1.13,-0.52,-0.02,0.0,510310,沪深300ETF易方达,2025-09-06 17:14:18,,,,,,,,,,,,,,,,,,,,,,,,
2025-04-02,3.824,3.839,3.815,3.821,126748187.0,484.3,0.63,-0.08,-0.003,0.0,510310,沪深300ETF易方达,2025-09-06 17:14:18,,,,,,,,,,,,,,,,,,,,,,,,
2025-04-01,3.83,3.844,3.819,3.824,191573564.0,732.58,0.65,-0.08,-0.003,0.0,510310,沪深300ETF易方达,2025-09-06 17:14:18,,,,,,,,,,,,,,,,,,,,,,,,
2025-03-31,3.848,3.865,3.81,3.827,228570390.0,874.74,1.43,-0.62,-0.024,0.0,510310,沪深300ETF易方达,2025-09-06 17:14:18,,,,,,,,,,,,,,,,,,,,,,,,
2025-03-28,3.866,3.871,3.842,3.851,238505246.0,918.48,0.75,-0.47,-0.018,0.0,510310,沪深300ETF易方达,2025-09-06 17:14:18,,,,,,,,,,,,,,,,,,,,,,,,
2025-03-27,3.852,3.892,3.839,3.869,277116779.0,1072.16,1.37,0.36,0.014,0.0,510310,沪深300ETF易方达,2025-09-06 17:14:18,,,,,,,,,,,,,,,,,,,,,,,,
2025-03-26,3.87,3.881,3.853,3.855,151780446.0,585.11,0.72,-0.41,-0.016,0.0,510310,沪深300ETF易方达,2025-09-06 17:14:18,,,,,,,,,,,,,,,,,,,,,,,,
2025-03-25,3.87,3.879,3.858,3.871,210775399.0,815.91,0.54,0.0,0.0,0.0,510310,沪深300ETF易方达,2025-09-06 17:14:18,,,,,,,,,,,,,,,,,,,,,,,,
2025-03-24,3.852,3.874,3.842,3.871,243288124.0,941.77,0.83,0.57,0.022,0.0,510310,沪深300ETF易方达,2025-09-06 17:14:18,,,,,,,,,,,,,,,,,,,,,,,,
2025-03-21,3.908,3.918,3.841,3.849,344612727.0,1326.41,1.97,-1.66,-0.065,0.0,510310,沪深300ETF易方达,2025-09-06 17:14:18,,,,,,,,,,,,,,,,,,,,,,,,
2025-03-20,3.944,3.946,3.906,3.914,262607876.0,1027.85,1.01,-0.89,-0.035,0.0,510310,沪深300ETF易方达,2025-09-06 17:14:18,,,,,,,,,,,,,,,,,,,,,,,,
2025-03-19,3.939,3.96,3.923,3.949,302820219.0,1195.84,0.94,0.2,0.008,0.0,510310,沪深300ETF易方达,2025-09-06 17:14:18,,,,,,,,,,,,,,,,,,,,,,,,
2025-03-18,3.943,3.953,3.93,3.941,428238367.0,1687.69,0.59,0.25,0.01,0.0,510310,沪深300ETF易方达,2025-09-06 17:14:18,,,,,,,,,,,,,,,,,,,,,,,,
2025-03-17,3.963,3.963,3.925,3.931,418126586.0,1643.66,0.96,-0.3,-0.012,0.0,510310,沪深300ETF易方达,2025-09-06 17:14:18,,,,,,,,,,,,,,,,,,,,,,,,
2025-03-14,3.849,3.951,3.849,3.943,491611559.0,1938.42,2.65,2.5,0.096,0.0,510310,沪深300ETF易方达,2025-09-06 17:14:18,,,,,,,,,,,,,,,,,,,,,,,,
2025-03-13,3.862,3.874,3.832,3.847,222834975.0,857.25,1.09,-0.47,-0.018,0.0,510310,沪深300ETF易方达,2025-09-06 17:14:18,,,,,,,,,,,,,,,,,,,,,,,,
2025-03-12,3.874,3.89,3.855,3.865,228433801.0,882.9,0.9,-0.23,-0.009,0.0,510310,沪深300ETF易方达,2025-09-06 17:14:18,,,,,,,,,,,,,,,,,,,,,,,,
2025-03-11,3.839,3.876,3.83,3.874,717356961.0,2779.04,1.19,0.26,0.01,0.0,510310,沪深300ETF易方达,2025-09-06 17:14:18,,,,,,,,,,,,,,,,,,,,,,,,
2025-03-10,3.878,3.883,3.84,3.864,559091482.0,2160.33,1.11,-0.39,-0.015,0.0,510310,沪深300ETF易方达,2025-09-06 17:14:18,,,,,,,,,,,,,,,,,,,,,,,,
2025-03-07,3.881,3.902,3.871,3.879,411918278.0,1597.83,0.8,-0.28,-0.011,0.0,510310,沪深300ETF易方达,2025-09-06 17:14:18,,,,,,,,,,,,,,,,,,,,,,,,
2025-03-06,3.853,3.902,3.853,3.89,367832461.0,1430.87,1.28,1.35,0.052,0.0,510310,沪深300ETF易方达,2025-09-06 17:14:18,,,,,,,,,,,,,,,,,,,,,,,,
2025-03-05,3.821,3.841,3.811,3.838,572694702.0,2198.0,0.79,0.5,0.019,0.0,510310,沪深300ETF易方达,2025-09-06 17:14:18,,,,,,,,,,,,,,,,,,,,,,,,
2025-03-04,3.804,3.827,3.795,3.819,254740327.0,972.85,0.84,-0.16,-0.006,0.0,510310,沪深300ETF易方达,2025-09-06 17:14:18,,,,,,,,,,,,,,,,,,,,,,,,
2025-03-03,3.837,3.869,3.807,3.825,465218642.0,1779.46,1.62,-0.29,-0.011,0.0,510310,沪深300ETF易方达,2025-09-06 17:14:18,,,,,,,,,,,,,,,,,,,,,,,,
2025-02-28,3.892,3.905,3.824,3.836,520686892.0,1997.35,2.07,-1.82,-0.071,0.0,510310,沪深300ETF易方达,2025-09-06 17:14:18,,,,,,,,,,,,,,,,,,,,,,,,
2025-02-27,3.893,3.908,3.867,3.907,566486762.0,2213.26,1.05,0.36,0.014,0.0,510310,沪深300ETF易方达,2025-09-06 17:14:18,,,,,,,,,,,,,,,,,,,,,,,,
2025-02-26,3.868,3.895,3.86,3.893,408004005.0,1588.36,0.91,0.78,0.03,0.0,510310,沪深300ETF易方达,2025-09-06 17:14:18,,,,,,,,,,,,,,,,,,,,,,,,
2025-02-25,3.877,3.891,3.849,3.863,434329103.0,1677.81,1.08,-1.0,-0.039,0.0,510310,沪深300ETF易方达,2025-09-06 17:14:18,,,,,,,,,,,,,,,,,,,,,,,,
2025-02-24,3.909,3.927,3.882,3.902,460084765.0,1795.25,1.15,-0.31,-0.012,0.0,510310,沪深300ETF易方达,2025-09-06 17:14:18,,,,,,,,,,,,,,,,,,,,,,,,
2025-02-21,3.872,3.92,3.861,3.914,369271614.0,1445.33,1.53,1.32,0.051,0.0,510310,沪深300ETF易方达,2025-09-06 17:14:18,,,,,,,,,,,,,,,,,,,,,,,,
2025-02-20,3.873,3.874,3.85,3.863,290042847.0,1120.44,0.62,-0.31,-0.012,0.0,510310,沪深300ETF易方达,2025-09-06 17:14:18,,,,,,,,,,,,,,,,,,,,,,,,
2025-02-19,3.854,3.882,3.843,3.875,257907526.0,999.39,1.01,0.54,0.021,0.0,510310,沪深300ETF易方达,2025-09-06 17:14:18,,,,,,,,,,,,,,,,,,,,,,,,
2025-02-18,3.881,3.899,3.838,3.854,280800987.0,1082.21,1.57,-0.82,-0.032,0.0,510310,沪深300ETF易方达,2025-09-06 17:14:18,,,,,,,,,,,,,,,,,,,,,,,,
2025-02-17,3.89,3.892,3.855,3.886,505969889.0,1966.2,0.95,0.23,0.009,0.0,510310,沪深300ETF易方达,2025-09-06 17:14:18,,,,,,,,,,,,,,,,,,,,,,,,
2025-02-14,3.84,3.882,3.84,3.877,350684582.0,1359.6,1.09,0.78,0.03,0.0,510310,沪深300ETF易方达,2025-09-06 17:14:18,,,,,,,,,,,,,,,,,,,,,,,,
2025-02-13,3.852,3.875,3.841,3.847,412683385.0,1587.59,0.88,-0.21,-0.008,0.0,510310,沪深300ETF易方达,2025-09-06 17:14:18,,,,,,,,,,,,,,,,,,,,,,,,
2025-02-12,3.818,3.861,3.803,3.855,284105519.0,1095.23,1.52,0.94,0.036,0.0,510310,沪深300ETF易方达,2025-09-06 17:14:18,,,,,,,,,,,,,,,,,,,,,,,,
2025-02-11,3.839,3.841,3.807,3.819,367796561.0,1404.62,0.89,-0.42,-0.016,0.0,510310,沪深300ETF易方达,2025-09-06 17:14:18,,,,,,,,,,,,,,,,,,,,,,,,
2025-02-10,3.83,3.843,3.817,3.835,427980679.0,1641.31,0.68,0.1,0.004,0.0,510310,沪深300ETF易方达,2025-09-06 17:14:18,,,,,,,,,,,,,,,,,,,,,,,,
2025-02-07,3.777,3.856,3.77,3.831,547423911.0,2097.18,2.28,1.43,0.054,0.0,510310,沪深300ETF易方达,2025-09-06 17:14:18,,,,,,,,,,,,,,,,,,,,,,,,
2025-02-06,3.729,3.784,3.727,3.777,254485947.0,961.19,1.53,1.21,0.045,0.0,510310,沪深300ETF易方达,2025-09-06 17:14:18,,,,,,,,,,,,,,,,,,,,,,,,
2025-02-05,3.775,3.782,3.721,3.732,267590028.0,998.65,1.62,-0.64,-0.024,0.0,510310,沪深300ETF易方达,2025-09-06 17:14:18,,,,,,,,,,,,,,,,,,,,,,,,
2025-01-27,3.781,3.788,3.755,3.756,429231745.0,1612.19,0.87,-0.42,-0.016,0.0,510310,沪深300ETF易方达,2025-09-06 17:14:18,,,,,,,,,,,,,,,,,,,,,,,,
2025-01-24,3.736,3.788,3.735,3.772,371166160.0,1400.04,1.42,0.77,0.029,0.0,510310,沪深300ETF易方达,2025-09-06 17:14:18,,,,,,,,,,,,,,,,,,,,,,,,
2025-01-23,3.761,3.803,3.735,3.743,298409505.0,1116.95,1.82,0.24,0.009,0.0,510310,沪深300ETF易方达,2025-09-06 17:14:18,,,,,,,,,,,,,,,,,,,,,,,,
2025-01-22,3.76,3.762,3.715,3.734,275654225.0,1029.29,1.25,-0.85,-0.032,0.0,510310,沪深300ETF易方达,2025-09-06 17:14:18,,,,,,,,,,,,,,,,,,,,,,,,
2025-01-21,3.782,3.788,3.749,3.766,218302531.0,822.13,1.04,0.08,0.003,0.0,510310,沪深300ETF易方达,2025-09-06 17:14:18,,,,,,,,,,,,,,,,,,,,,,,,
2025-01-20,3.766,3.794,3.755,3.763,234712883.0,883.22,1.04,0.51,0.019,0.0,510310,沪深300ETF易方达,2025-09-06 17:14:18,,,,,,,,,,,,,,,,,,,,,,,,
2025-01-17,3.726,3.768,3.715,3.744,200812578.0,751.84,1.42,0.32,0.012,0.0,510310,沪深300ETF易方达,2025-09-06 17:14:18,,,,,,,,,,,,,,,,,,,,,,,,
2025-01-16,3.747,3.778,3.708,3.732,338343002.0,1262.7,1.88,0.05,0.002,0.0,510310,沪深300ETF易方达,2025-09-06 17:14:18,,,,,,,,,,,,,,,,,,,,,,,,
2025-01-15,3.751,3.751,3.723,3.73,149164269.0,556.38,0.75,-0.61,-0.023,0.0,510310,沪深300ETF易方达,2025-09-06 17:14:18,,,,,,,,,,,,,,,,,,,,,,,,
2025-01-14,3.66,3.763,3.658,3.753,527389042.0,1979.29,2.87,2.57,0.094,0.0,510310,沪深300ETF易方达,2025-09-06 17:14:18,,,,,,,,,,,,,,,,,,,,,,,,
2025-01-13,3.66,3.675,3.643,3.659,214559971.0,785.07,0.87,-0.41,-0.015,0.0,510310,沪深300ETF易方达,2025-09-06 17:14:18,,,,,,,,,,,,,,,,,,,,,,,,
2025-01-10,3.712,3.722,3.672,3.674,247278759.0,908.5,1.35,-1.05,-0.039,0.0,510310,沪深300ETF易方达,2025-09-06 17:14:18,,,,,,,,,,,,,,,,,,,,,,,,
2025-01-09,3.715,3.727,3.704,3.713,235344729.0,873.83,0.62,-0.19,-0.007,0.0,510310,沪深300ETF易方达,2025-09-06 17:14:18,,,,,,,,,,,,,,,,,,,,,,,,
2025-01-08,3.718,3.746,3.665,3.72,418553536.0,1557.02,2.17,-0.16,-0.006,0.0,510310,沪深300ETF易方达,2025-09-06 17:14:18,,,,,,,,,,,,,,,,,,,,,,,,
2025-01-07,3.699,3.728,3.688,3.726,206440188.0,769.2,1.08,0.7,0.026,0.0,510310,沪深300ETF易方达,2025-09-06 17:14:18,,,,,,,,,,,,,,,,,,,,,,,,
2025-01-06,3.71,3.722,3.674,3.7,367748641.0,1360.67,1.29,-0.46,-0.017,0.0,510310,沪深300ETF易方达,2025-09-06 17:14:18,,,,,,,,,,,,,,,,,,,,,,,,
2025-01-03,3.752,3.768,3.702,3.717,467154901.0,1736.41,1.76,-0.96,-0.036,0.0,510310,沪深300ETF易方达,2025-09-06 17:14:18,,,,,,,,,,,,,,,,,,,,,,,,
2025-01-02,3.862,3.866,3.73,3.753,590467230.0,2216.02,3.52,-2.85,-0.11,0.0,510310,沪深300ETF易方达,2025-09-06 17:14:18,,,,,,,,,,,,,,,,,,,,,,,,
2024-12-31,3.927,3.933,3.859,3.863,633358813.0,2446.67,1.89,-1.55,-0.061,0.0,510310,沪深300ETF易方达,2025-09-06 17:14:18,,,,,,,,,,,,,,,,,,,,,,,,
2024-12-30,3.906,3.932,3.906,3.924,568834071.0,2232.1,0.67,0.44,0.017,0.0,510310,沪深300ETF易方达,2025-09-06 17:14:18,,,,,,,,,,,,,,,,,,,,,,,,
2024-12-27,3.913,3.935,3.899,3.907,490373507.0,1915.89,0.92,-0.15,-0.006,0.0,510310,沪深300ETF易方达,2025-09-06 17:14:18,,,,,,,,,,,,,,,,,,,,,,,,
2024-12-26,3.909,3.917,3.895,3.913,569400173.0,2228.06,0.56,0.08,0.003,0.0,510310,沪深300ETF易方达,2025-09-06 17:14:18,,,,,,,,,,,,,,,,,,,,,,,,
2024-12-25,3.911,3.932,3.894,3.91,368382677.0,1440.38,0.97,0.03,0.001,0.0,510310,沪深300ETF易方达,2025-09-06 17:14:18,,,,,,,,,,,,,,,,,,,,,,,,
2024-12-24,3.863,3.916,3.863,3.909,466820947.0,1824.8,1.37,1.14,0.044,0.0,510310,沪深300ETF易方达,2025-09-06 17:14:18,,,,,,,,,,,,,,,,,,,,,,,,
2024-12-23,3.858,3.896,3.856,3.865,428712542.0,1656.97,1.04,0.16,0.006,0.0,510310,沪深300ETF易方达,2025-09-06 17:14:18,,,,,,,,,,,,,,,,,,,,,,,,
2024-12-20,3.87,3.885,3.853,3.859,400849873.0,1546.88,0.83,-0.34,-0.013,0.0,510310,沪深300ETF易方达,2025-09-06 17:14:18,,,,,,,,,,,,,,,,,,,,,,,,
2024-12-19,3.842,3.88,3.823,3.872,254489161.0,985.38,1.47,0.18,0.007,0.0,510310,沪深300ETF易方达,2025-09-06 17:14:18,,,,,,,,,,,,,,,,,,,,,,,,
2024-12-18,3.863,3.881,3.858,3.865,236469477.0,913.95,0.6,0.47,0.018,0.0,510310,沪深300ETF易方达,2025-09-06 17:14:18,,,,,,,,,,,,,,,,,,,,,,,,
2024-12-17,3.828,3.883,3.828,3.847,366306637.0,1409.18,1.43,0.23,0.009,0.0,510310,沪深300ETF易方达,2025-09-06 17:14:18,,,,,,,,,,,,,,,,,,,,,,,,
2024-12-16,3.859,3.862,3.827,3.838,211890698.0,813.24,0.91,-0.6,-0.023,0.0,510310,沪深300ETF易方达,2025-09-06 17:14:18,,,,,,,,,,,,,,,,,,,,,,,,
2024-12-13,3.929,3.929,3.854,3.861,648589404.0,2504.2,1.9,-2.28,-0.09,0.0,510310,沪深300ETF易方达,2025-09-06 17:14:18,,,,,,,,,,,,,,,,,,,,,,,,
2024-12-12,3.917,3.959,3.905,3.951,313440689.0,1238.4,1.38,0.97,0.038,0.0,510310,沪深300ETF易方达,2025-09-06 17:14:18,,,,,,,,,,,,,,,,,,,,,,,,
2024-12-11,3.918,3.932,3.901,3.913,387106809.0,1514.75,0.79,-0.23,-0.009,0.0,510310,沪深300ETF易方达,2025-09-06 17:14:18,,,,,,,,,,,,,,,,,,,,,,,,
2024-12-10,4.05,4.05,3.912,3.922,664355788.0,2605.6,3.54,0.74,0.029,0.0,510310,沪深300ETF易方达,2025-09-06 17:14:18,,,,,,,,,,,,,,,,,,,,,,,,
2024-12-09,3.89,3.92,3.87,3.893,467891416.0,1821.5,1.28,-0.05,-0.002,0.0,510310,沪深300ETF易方达,2025-09-06 17:14:18,,,,,,,,,,,,,,,,,,,,,,,,
2024-12-06,3.846,3.922,3.846,3.895,688993111.0,2683.63,1.98,1.25,0.048,0.0,510310,沪深300ETF易方达,2025-09-06 17:14:18,,,,,,,,,,,,,,,,,,,,,,,,
2024-12-05,3.849,3.861,3.834,3.847,335906117.0,1292.23,0.7,-0.23,-0.009,0.0,510310,沪深300ETF易方达,2025-09-06 17:14:18,,,,,,,,,,,,,,,,,,,,,,,,
2024-12-04,3.869,3.881,3.845,3.856,261805153.0,1009.52,0.93,-0.44,-0.017,0.0,510310,沪深300ETF易方达,2025-09-06 17:14:18,,,,,,,,,,,,,,,,,,,,,,,,
2024-12-03,3.87,3.89,3.845,3.873,358094262.0,1386.9,1.16,0.08,0.003,0.0,510310,沪深300ETF易方达,2025-09-06 17:14:18,,,,,,,,,,,,,,,,,,,,,,,,
2024-12-02,3.84,3.882,3.83,3.87,214710634.0,830.93,1.35,0.78,0.03,0.0,510310,沪深300ETF易方达,2025-09-06 17:14:18,,,,,,,,,,,,,,,,,,,,,,,,
2024-11-29,3.798,3.885,3.796,3.84,334096619.0,1282.93,2.34,1.05,0.04,0.0,510310,沪深300ETF易方达,2025-09-06 17:14:18,,,,,,,,,,,,,,,,,,,,,,,,
2024-11-28,3.825,3.831,3.79,3.8,297639245.0,1131.03,1.07,-0.76,-0.029,0.0,510310,沪深300ETF易方达,2025-09-06 17:14:18,,,,,,,,,,,,,,,,,,,,,,,,
2024-11-27,3.762,3.833,3.744,3.829,295009984.0,1129.59,2.36,1.7,0.064,0.0,510310,沪深300ETF易方达,2025-09-06 17:14:18,,,,,,,,,,,,,,,,,,,,,,,,
2024-11-26,3.762,3.801,3.757,3.765,265048686.0,997.91,1.17,-0.26,-0.01,0.0,510310,沪深300ETF易方达,2025-09-06 17:14:18,,,,,,,,,,,,,,,,,,,,,,,,
2024-11-25,3.797,3.813,3.738,3.775,375365197.0,1417.0,1.98,-0.58,-0.022,0.0,510310,沪深300ETF易方达,2025-09-06 17:14:18,,,,,,,,,,,,,,,,,,,,,,,,
2024-11-22,3.906,3.913,3.79,3.797,298604918.0,1133.8,3.14,-2.94,-0.115,0.0,510310,沪深300ETF易方达,2025-09-06 17:14:18,,,,,,,,,,,,,,,,,,,,,,,,
2024-11-21,3.898,3.921,3.889,3.912,293198308.0,1146.99,0.82,0.15,0.006,0.0,510310,沪深300ETF易方达,2025-09-06 17:14:18,,,,,,,,,,,,,,,,,,,,,,,,
2024-11-20,3.885,3.923,3.877,3.906,271565390.0,1060.73,1.18,0.23,0.009,0.0,510310,沪深300ETF易方达,2025-09-06 17:14:18,,,,,,,,,,,,,,,,,,,,,,,,
2024-11-19,3.881,3.899,3.82,3.897,499494071.0,1946.53,2.04,0.52,0.02,0.0,510310,沪深300ETF易方达,2025-09-06 17:14:18,,,,,,,,,,,,,,,,,,,,,,,,
2024-11-18,3.91,3.954,3.855,3.877,430068238.0,1667.37,2.54,-0.49,-0.019,0.0,510310,沪深300ETF易方达,2025-09-06 17:14:18,,,,,,,,,,,,,,,,,,,,,,,,
2024-11-15,3.951,3.97,3.893,3.896,398852226.0,1553.93,1.94,-1.59,-0.063,0.0,510310,沪深300ETF易方达,2025-09-06 17:14:18,,,,,,,,,,,,,,,,,,,,,,,,
2024-11-14,4.025,4.036,3.955,3.959,375497072.0,1486.59,2.01,-1.74,-0.07,0.0,510310,沪深300ETF易方达,2025-09-06 17:14:18,,,,,,,,,,,,,,,,,,,,,,,,
2024-11-13,3.982,4.039,3.98,4.029,375997145.0,1514.89,1.47,0.62,0.025,0.0,510310,沪深300ETF易方达,2025-09-06 17:14:18,,,,,,,,,,,,,,,,,,,,,,,,
2024-11-12,4.046,4.101,3.98,4.004,752521566.0,3013.1,2.99,-1.06,-0.043,0.0,510310,沪深300ETF易方达,2025-09-06 17:14:18,,,,,,,,,,,,,,,,,,,,,,,,
2024-11-11,3.992,4.053,3.967,4.047,473241605.0,1915.21,2.14,0.57,0.023,0.0,510310,沪深300ETF易方达,2025-09-06 17:14:18,,,,,,,,,,,,,,,,,,,,,,,,
2024-11-08,4.097,4.116,4.013,4.024,793228925.0,3191.95,2.53,-1.32,-0.054,0.0,510310,沪深300ETF易方达,2025-09-06 17:14:18,,,,,,,,,,,,,,,,,,,,,,,,
2024-11-07,3.925,4.079,3.913,4.078,827808649.0,3375.8,4.21,3.32,0.131,0.0,510310,沪深300ETF易方达,2025-09-06 17:14:18,,,,,,,,,,,,,,,,,,,,,,,,
2024-11-06,3.973,4.015,3.923,3.947,651768538.0,2572.53,2.32,-0.6,-0.024,0.0,510310,沪深300ETF易方达,2025-09-06 17:14:18,,,,,,,,,,,,,,,,,,,,,,,,
2024-11-05,3.86,3.973,3.85,3.971,692299786.0,2749.12,3.18,2.61,0.101,0.0,510310,沪深300ETF易方达,2025-09-06 17:14:18,,,,,,,,,,,,,,,,,,,,,,,,
2024-11-04,3.82,3.873,3.812,3.87,518185275.0,2005.38,1.6,1.31,0.05,0.0,510310,沪深300ETF易方达,2025-09-06 17:14:18,,,,,,,,,,,,,,,,,,,,,,,,
2024-11-01,3.811,3.856,3.802,3.82,840618233.0,3211.16,1.42,0.21,0.008,0.0,510310,沪深300ETF易方达,2025-09-06 17:14:18,,,,,,,,,,,,,,,,,,,,,,,,
2024-10-31,3.805,3.845,3.779,3.812,1420856127.0,5416.3,1.73,-0.05,-0.002,0.0,510310,沪深300ETF易方达,2025-09-06 17:14:18,,,,,,,,,,,,,,,,,,,,,,,,
2024-10-30,3.837,3.851,3.787,3.814,572511460.0,2183.56,1.66,-0.99,-0.038,0.0,510310,沪深300ETF易方达,2025-09-06 17:14:18,,,,,,,,,,,,,,,,,,,,,,,,
2024-10-29,3.892,3.917,3.842,3.852,505389078.0,1946.76,1.93,-0.8,-0.031,0.0,510310,沪深300ETF易方达,2025-09-06 17:14:18,,,,,,,,,,,,,,,,,,,,,,,,
2024-10-28,3.88,3.884,3.839,3.883,353310340.0,1371.9,1.16,0.13,0.005,0.0,510310,沪深300ETF易方达,2025-09-06 17:14:18,,,,,,,,,,,,,,,,,,,,,,,,
2024-10-25,3.849,3.912,3.844,3.878,568801555.0,2205.81,1.77,0.75,0.029,0.0,510310,沪深300ETF易方达,2025-09-06 17:14:18,,,,,,,,,,,,,,,,,,,,,,,,
2024-10-24,3.879,3.879,3.833,3.849,625865830.0,2408.96,1.18,-1.13,-0.044,0.0,510310,沪深300ETF易方达,2025-09-06 17:14:18,,,,,,,,,,,,,,,,,,,,,,,,
2024-10-23,3.875,3.933,3.86,3.893,504406916.0,1963.66,1.88,0.39,0.015,0.0,510310,沪深300ETF易方达,2025-09-06 17:14:18,,,,,,,,,,,,,,,,,,,,,,,,
2024-10-22,3.845,3.884,3.84,3.878,371089624.0,1439.09,1.14,0.49,0.019,0.0,510310,沪深300ETF易方达,2025-09-06 17:14:18,,,,,,,,,,,,,,,,,,,,,,,,
2024-10-21,3.89,3.897,3.82,3.859,531512953.0,2051.11,1.96,-1.96,-0.077,0.0,510310,沪深300ETF易方达,2025-09-06 17:14:18,,,,,,,,,,,,,,,,,,,,,,,,
2024-10-18,3.783,4.048,3.77,3.936,892492681.0,3512.85,7.34,3.96,0.15,0.0,510310,沪深300ETF易方达,2025-09-06 17:14:18,,,,,,,,,,,,,,,,,,,,,,,,
2024-10-17,3.845,3.883,3.785,3.786,745173043.0,2821.23,2.56,-1.1,-0.042,0.0,510310,沪深300ETF易方达,2025-09-06 17:14:18,,,,,,,,,,,,,,,,,,,,,,,,
2024-10-16,3.828,3.882,3.806,3.828,527889023.0,2020.76,1.97,-0.7,-0.027,0.0,510310,沪深300ETF易方达,2025-09-06 17:14:18,,,,,,,,,,,,,,,,,,,,,,,,
2024-10-15,3.936,3.966,3.853,3.855,697185091.0,2687.65,2.85,-2.68,-0.106,0.0,510310,沪深300ETF易方达,2025-09-06 17:14:18,,,,,,,,,,,,,,,,,,,,,,,,
2024-10-14,3.904,3.98,3.865,3.961,820711334.0,3250.84,2.95,1.64,0.064,0.0,510310,沪深300ETF易方达,2025-09-06 17:14:18,,,,,,,,,,,,,,,,,,,,,,,,
2024-10-11,3.993,3.993,3.846,3.897,808032385.0,3148.9,3.67,-2.67,-0.107,0.0,510310,沪深300ETF易方达,2025-09-06 17:14:18,,,,,,,,,,,,,,,,,,,,,,,,
2024-10-10,3.965,4.109,3.917,4.004,839943730.0,3363.13,4.88,1.78,0.07,0.0,510310,沪深300ETF易方达,2025-09-06 17:14:18,,,,,,,,,,,,,,,,,,,,,,,,
2024-10-09,4.19,4.197,3.919,3.934,1276914933.0,5023.38,6.49,-8.15,-0.349,0.0,510310,沪深300ETF易方达,2025-09-06 17:14:18,,,,,,,,,,,,,,,,,,,,,,,,
2024-10-08,4.487,4.487,4.115,4.283,1647300907.0,7055.39,9.12,5.0,0.204,0.0,510310,沪深300ETF易方达,2025-09-06 17:14:18,,,,,,,,,,,,,,,,,,,,,,,,
2024-09-30,3.9,4.079,3.8,4.079,1669689766.0,6810.66,7.52,10.01,0.371,0.0,510310,沪深300ETF易方达,2025-09-06 17:14:18,,,,,,,,,,,,,,,,,,,,,,,,
2024-09-27,3.622,3.805,3.6,3.708,419934867.0,1557.12,5.75,4.04,0.144,0.0,510310,沪深300ETF易方达,2025-09-06 17:14:18,,,,,,,,,,,,,,,,,,,,,,,,
2024-09-26,3.392,3.568,3.392,3.564,1149259968.0,4095.96,5.17,4.76,0.162,0.0,510310,沪深300ETF易方达,2025-09-06 17:14:18,,,,,,,,,,,,,,,,,,,,,,,,
2024-09-25,3.41,3.467,3.395,3.402,1069092224.0,3637.05,2.15,1.43,0.048,0.0,510310,沪深300ETF易方达,2025-09-06 17:14:18,,,,,,,,,,,,,,,,,,,,,,,,
2024-09-24,3.249,3.356,3.223,3.354,1027401829.0,3445.91,4.14,4.39,0.141,0.0,510310,沪深300ETF易方达,2025-09-06 17:14:18,,,,,,,,,,,,,,,,,,,,,,,,
2024-09-23,3.199,3.232,3.194,3.213,270670660.0,869.66,2.38,100.94,1.614,0.0,510310,沪深300ETF易方达,2025-09-06 17:14:18,,,,,,,,,,,,,,,,,,,,,,,,
2024-09-20,1.596,1.605,1.585,1.599,3624026193.0,5794.82,1.25,0.13,0.002,0.0,510310,沪深300ETF易方达,2025-09-06 17:14:18,,,,,,,,,,,,,,,,,,,,,,,,
2024-09-19,1.586,1.608,1.574,1.597,839650800.0,1340.92,2.15,0.82,0.013,0.0,510310,沪深300ETF易方达,2025-09-06 17:14:18,,,,,,,,,,,,,,,,,,,,,,,,
2024-09-18,1.579,1.59,1.572,1.584,1394801700.0,2209.37,1.14,0.32,0.005,0.0,510310,沪深300ETF易方达,2025-09-06 17:14:18,,,,,,,,,,,,,,,,,,,,,,,,
2024-09-13,1.587,1.594,1.578,1.579,369380500.0,583.25,1.01,-0.5,-0.008,0.0,510310,沪深300ETF易方达,2025-09-06 17:14:18,,,,,,,,,,,,,,,,,,,,,,,,
2024-09-12,1.593,1.601,1.585,1.587,344402400.0,546.57,1.01,-0.31,-0.005,0.0,510310,沪深300ETF易方达,2025-09-06 17:14:18,,,,,,,,,,,,,,,,,,,,,,,,
2024-09-11,1.591,1.598,1.585,1.592,446471541.0,710.78,0.81,-0.25,-0.004,0.0,510310,沪深300ETF易方达,2025-09-06 17:14:18,,,,,,,,,,,,,,,,,,,,,,,,
2024-09-10,1.595,1.602,1.583,1.596,777567900.0,1241.0,1.19,0.06,0.001,0.0,510310,沪深300ETF易方达,2025-09-06 17:14:18,,,,,,,,,,,,,,,,,,,,,,,,
2024-09-09,1.609,1.611,1.588,1.595,917370600.0,1463.21,1.42,-1.24,-0.02,0.0,510310,沪深300ETF易方达,2025-09-06 17:14:18,,,,,,,,,,,,,,,,,,,,,,,,
2024-09-06,1.63,1.636,1.613,1.615,675920500.0,1091.61,0.0,0.0,0.0,0.0,510310,沪深300ETF易方达,2025-09-06 17:14:18,,,,,,,,,,,,,,,,,,,,,,,,
