日期,开盘,最高,最低,收盘,成交量,成交额,振幅,涨跌幅,涨跌额,换手率,ETF代码,ETF名称,爬取时间,折溢价率,IOPV,前收盘,量比,委比,外盘,内盘,主力净流入-净额,主力净流入-净占比,超大单净流入-净额,超大单净流入-净占比,大单净流入-净额,大单净流入-净占比,中单净流入-净额,中单净流入-净占比,小单净流入-净额,小单净流入-净占比,现手,买一,卖一,最新份额,流通市值,总市值,更新时间
2025-09-22,3.112,3.113,3.08,3.087,140548279.0,4338725.37,1.06,-0.8,-0.025,,510880,红利ETF,2025-09-22 21:52:51,,,,,,,,,,,,,,,,,,,,,,,,
2025-09-19,3.096,3.114,3.077,3.113,254907648.0,7935275.08,1.2,0.55,0.017,,510880,红利ETF,2025-09-19 18:14:22,,,,,,,,,,,,,,,,,,,,,,,,
2025-09-18,3.15,3.15,3.082,3.096,343379949.0,10631043.22,2.16,-1.68,-0.053,,510880,红利ETF,2025-09-19 18:14:22,,,,,,,,,,,,,,,,,,,,,,,,
2025-09-17,3.134,3.153,3.125,3.149,155671600.0,4902098.68,0.89,0.48,0.015,,510880,红利ETF,2025-09-19 18:14:22,,,,,,,,,,,,,,,,,,,,,,,,
2025-09-16,3.145,3.159,3.131,3.135,115256577.0,3613293.69,0.89,-0.32,-0.01,,510880,红利ETF,2025-09-18 22:22:51,,,,,,,,,,,,,,,,,,,,,,,,
2025-09-12,3.171,3.178,3.154,3.159,13600.04,430411442.0,0.76,-0.47,-0.015,2.24,510880,红利ETF,2025-09-12 22:21:36,-0.06,3.157,3.174,1.11,46.56,508494.0,851510.0,-79417192.0,-18.45,-69088921.0,-16.05,-10328271.0,-2.4,18680042.0,4.34,60737150.0,14.11,1.0,3.156,3.157,6067175680.0,19166207973.0,19166207973.0,2025-09-12 16:11:50+08:00
2025-09-11,3.167,3.174,3.15,3.174,175492519.0,5570132.55,0.0,0.0,0.0,0.0,510880,红利ETF,2025-09-11 22:22:15,0.0,,,,,,,,,,,,,,,,,,,,,,,
2025-09-10,3.167,3.172,3.156,3.169,86565900.0,2743273.37,0.0,0.0,0.0,0.0,510880,红利ETF,2025-09-10 22:21:27,0.0,,,,,,,,,,,,,,,,,,,,,,,
2025-09-09,3.168,3.174,3.155,3.17,102677291.0,3254870.12,0.0,0.0,0.0,0.0,510880,红利ETF,2025-09-09 18:57:38,,,,,,,,,,,,,,,,,,,,,,,,
2025-09-08,3.16,3.171,3.152,3.168,111711496.0,3539020.19,0.0,0.0,0.0,0.0,510880,红利ETF,2025-09-08 18:27:51,,,,,,,,,,,,,,,,,,,,,,,,
2025-09-05,3.166,3.167,3.144,3.162,135163612.0,427.39,0.73,-0.32,-0.01,0.0,510880,红利ETF,2025-09-06 17:14:18,,,,,,,,,,,,,,,,,,,,,,,,
2025-09-04,3.149,3.175,3.122,3.172,204558395.0,648.86,1.68,0.6,0.019,0.0,510880,红利ETF,2025-09-06 17:14:18,,,,,,,,,,,,,,,,,,,,,,,,
2025-09-03,3.185,3.188,3.148,3.153,175130628.0,552.19,1.26,-1.04,-0.033,0.0,510880,红利ETF,2025-09-06 17:14:18,,,,,,,,,,,,,,,,,,,,,,,,
2025-09-02,3.171,3.187,3.165,3.186,138606235.0,441.6,0.69,0.47,0.015,0.0,510880,红利ETF,2025-09-06 17:14:18,,,,,,,,,,,,,,,,,,,,,,,,
2025-09-01,3.188,3.198,3.164,3.171,212962041.0,675.3,1.07,-0.56,-0.018,0.0,510880,红利ETF,2025-09-06 17:14:18,,,,,,,,,,,,,,,,,,,,,,,,
2025-08-29,3.201,3.227,3.186,3.189,180980728.0,577.15,1.28,-0.5,-0.016,0.0,510880,红利ETF,2025-09-06 17:14:18,,,,,,,,,,,,,,,,,,,,,,,,
2025-08-28,3.205,3.214,3.176,3.205,224181088.0,718.5,1.18,-0.09,-0.003,0.0,510880,红利ETF,2025-09-06 17:14:18,,,,,,,,,,,,,,,,,,,,,,,,
2025-08-27,3.258,3.259,3.205,3.208,190896900.0,612.4,1.66,-1.63,-0.053,0.0,510880,红利ETF,2025-09-06 17:14:18,,,,,,,,,,,,,,,,,,,,,,,,
2025-08-26,3.27,3.273,3.26,3.261,107061647.0,349.13,0.4,-0.37,-0.012,0.0,510880,红利ETF,2025-09-06 17:14:18,,,,,,,,,,,,,,,,,,,,,,,,
2025-08-25,3.254,3.274,3.243,3.273,176378554.0,577.29,0.95,0.61,0.02,0.0,510880,红利ETF,2025-09-06 17:14:18,,,,,,,,,,,,,,,,,,,,,,,,
2025-08-22,3.258,3.258,3.226,3.253,169201858.0,550.41,0.98,-0.09,-0.003,0.0,510880,红利ETF,2025-09-06 17:14:18,,,,,,,,,,,,,,,,,,,,,,,,
2025-08-21,3.24,3.258,3.231,3.256,127908198.0,416.47,0.83,0.49,0.016,0.0,510880,红利ETF,2025-09-06 17:14:18,,,,,,,,,,,,,,,,,,,,,,,,
2025-08-20,3.214,3.241,3.206,3.24,112975538.0,366.04,1.09,0.71,0.023,0.0,510880,红利ETF,2025-09-06 17:14:18,,,,,,,,,,,,,,,,,,,,,,,,
2025-08-19,3.221,3.223,3.212,3.217,103232286.0,332.1,0.34,-0.19,-0.006,0.0,510880,红利ETF,2025-09-06 17:14:18,,,,,,,,,,,,,,,,,,,,,,,,
2025-08-18,3.23,3.236,3.214,3.223,134969065.0,435.01,0.68,-0.25,-0.008,0.0,510880,红利ETF,2025-09-06 17:14:18,,,,,,,,,,,,,,,,,,,,,,,,
2025-08-15,3.233,3.233,3.209,3.231,129936100.0,419.82,0.74,-0.19,-0.006,0.0,510880,红利ETF,2025-09-06 17:14:18,,,,,,,,,,,,,,,,,,,,,,,,
2025-08-14,3.258,3.265,3.234,3.237,109252707.0,353.65,0.95,-0.64,-0.021,0.0,510880,红利ETF,2025-09-06 17:14:18,,,,,,,,,,,,,,,,,,,,,,,,
2025-08-13,3.278,3.282,3.255,3.258,107908288.0,351.57,0.82,-0.61,-0.02,0.0,510880,红利ETF,2025-09-06 17:14:18,,,,,,,,,,,,,,,,,,,,,,,,
2025-08-12,3.26,3.292,3.26,3.278,104948160.0,344.02,0.98,0.55,0.018,0.0,510880,红利ETF,2025-09-06 17:14:18,,,,,,,,,,,,,,,,,,,,,,,,
2025-08-11,3.277,3.283,3.257,3.26,161379799.0,526.1,0.79,-0.55,-0.018,0.0,510880,红利ETF,2025-09-06 17:14:18,,,,,,,,,,,,,,,,,,,,,,,,
2025-08-08,3.275,3.288,3.27,3.278,98807450.0,323.89,0.55,-0.03,-0.001,0.0,510880,红利ETF,2025-09-06 17:14:18,,,,,,,,,,,,,,,,,,,,,,,,
2025-08-07,3.267,3.284,3.255,3.279,147066654.0,482.23,0.89,0.37,0.012,0.0,510880,红利ETF,2025-09-06 17:14:18,,,,,,,,,,,,,,,,,,,,,,,,
2025-08-06,3.255,3.27,3.252,3.267,114725800.0,374.81,0.55,0.4,0.013,0.0,510880,红利ETF,2025-09-06 17:14:18,,,,,,,,,,,,,,,,,,,,,,,,
2025-08-05,3.223,3.256,3.218,3.254,87068700.0,283.32,1.18,0.99,0.032,0.0,510880,红利ETF,2025-09-06 17:14:18,,,,,,,,,,,,,,,,,,,,,,,,
2025-08-04,3.195,3.224,3.194,3.222,88429429.0,284.92,0.94,0.44,0.014,0.0,510880,红利ETF,2025-09-06 17:14:18,,,,,,,,,,,,,,,,,,,,,,,,
2025-08-01,3.21,3.222,3.196,3.208,88037917.0,282.43,0.81,-0.09,-0.003,0.0,510880,红利ETF,2025-09-06 17:14:18,,,,,,,,,,,,,,,,,,,,,,,,
2025-07-31,3.251,3.255,3.196,3.211,199017169.0,639.04,1.81,-1.56,-0.051,0.0,510880,红利ETF,2025-09-06 17:14:18,,,,,,,,,,,,,,,,,,,,,,,,
2025-07-30,3.25,3.282,3.249,3.262,135363979.0,441.56,1.02,0.34,0.011,0.0,510880,红利ETF,2025-09-06 17:14:18,,,,,,,,,,,,,,,,,,,,,,,,
2025-07-29,3.251,3.259,3.234,3.251,117932676.0,383.4,0.77,-0.28,-0.009,0.0,510880,红利ETF,2025-09-06 17:14:18,,,,,,,,,,,,,,,,,,,,,,,,
2025-07-28,3.282,3.282,3.25,3.26,142440656.0,464.36,0.97,-1.0,-0.033,0.0,510880,红利ETF,2025-09-06 17:14:18,,,,,,,,,,,,,,,,,,,,,,,,
2025-07-25,3.304,3.325,3.288,3.293,116835480.0,384.74,1.12,-0.42,-0.014,0.0,510880,红利ETF,2025-09-06 17:14:18,,,,,,,,,,,,,,,,,,,,,,,,
2025-07-24,3.294,3.308,3.275,3.307,132457271.0,438.04,1.0,0.3,0.01,0.0,510880,红利ETF,2025-09-06 17:14:18,,,,,,,,,,,,,,,,,,,,,,,,
2025-07-23,3.314,3.329,3.294,3.297,154403420.0,509.07,1.06,-0.09,-0.003,0.0,510880,红利ETF,2025-09-06 17:14:18,,,,,,,,,,,,,,,,,,,,,,,,
2025-07-22,3.247,3.305,3.224,3.3,195337026.0,644.61,2.49,1.63,0.053,0.0,510880,红利ETF,2025-09-06 17:14:18,,,,,,,,,,,,,,,,,,,,,,,,
2025-07-21,3.226,3.248,3.225,3.247,100531310.0,326.43,0.71,0.65,0.021,0.0,510880,红利ETF,2025-09-06 17:14:18,,,,,,,,,,,,,,,,,,,,,,,,
2025-07-18,3.212,3.228,3.211,3.226,80614306.0,260.06,0.53,0.44,0.014,0.0,510880,红利ETF,2025-09-06 17:14:18,,,,,,,,,,,,,,,,,,,,,,,,
2025-07-17,3.219,3.225,3.204,3.212,108941068.0,349.92,0.65,-0.28,-0.009,0.0,510880,红利ETF,2025-09-06 17:14:18,,,,,,,,,,,,,,,,,,,,,,,,
2025-07-16,3.232,3.234,3.205,3.221,165737333.0,533.84,0.9,-0.37,-0.012,0.0,510880,红利ETF,2025-09-06 17:14:18,,,,,,,,,,,,,,,,,,,,,,,,
2025-07-15,3.268,3.272,3.226,3.233,124622482.0,402.9,1.41,-1.19,-0.039,0.0,510880,红利ETF,2025-09-06 17:14:18,,,,,,,,,,,,,,,,,,,,,,,,
2025-07-14,3.247,3.284,3.246,3.272,108586124.0,355.29,1.17,0.68,0.022,0.0,510880,红利ETF,2025-09-06 17:14:18,,,,,,,,,,,,,,,,,,,,,,,,
2025-07-11,3.27,3.287,3.25,3.25,136776468.0,444.52,1.13,-0.64,-0.021,0.0,510880,红利ETF,2025-09-06 17:14:18,,,,,,,,,,,,,,,,,,,,,,,,
2025-07-10,3.244,3.277,3.243,3.271,75563978.0,247.17,1.05,0.8,0.026,0.0,510880,红利ETF,2025-09-06 17:14:18,,,,,,,,,,,,,,,,,,,,,,,,
2025-07-09,3.228,3.252,3.226,3.245,78020949.0,253.18,0.81,0.5,0.016,0.0,510880,红利ETF,2025-09-06 17:14:18,,,,,,,,,,,,,,,,,,,,,,,,
2025-07-08,3.232,3.242,3.218,3.229,71753460.0,231.69,0.74,-0.19,-0.006,0.0,510880,红利ETF,2025-09-06 17:14:18,,,,,,,,,,,,,,,,,,,,,,,,
2025-07-07,3.219,3.235,3.207,3.235,95827567.0,310.0,0.87,0.4,0.013,0.0,510880,红利ETF,2025-09-06 17:14:18,,,,,,,,,,,,,,,,,,,,,,,,
2025-07-04,3.197,3.233,3.196,3.222,167707650.0,540.35,1.16,0.75,0.024,0.0,510880,红利ETF,2025-09-06 17:14:18,,,,,,,,,,,,,,,,,,,,,,,,
2025-07-03,3.197,3.207,3.188,3.198,108784637.0,347.89,0.59,-0.03,-0.001,0.0,510880,红利ETF,2025-09-06 17:14:18,,,,,,,,,,,,,,,,,,,,,,,,
2025-07-02,3.177,3.2,3.175,3.199,117885402.0,377.12,0.79,0.76,0.024,0.0,510880,红利ETF,2025-09-06 17:14:18,,,,,,,,,,,,,,,,,,,,,,,,
2025-07-01,3.152,3.176,3.151,3.175,99495111.0,315.9,0.79,0.73,0.023,0.0,510880,红利ETF,2025-09-06 17:14:18,,,,,,,,,,,,,,,,,,,,,,,,
2025-06-30,3.148,3.155,3.14,3.152,136603834.0,430.58,0.48,-0.06,-0.002,0.0,510880,红利ETF,2025-09-06 17:14:18,,,,,,,,,,,,,,,,,,,,,,,,
2025-06-27,3.179,3.193,3.147,3.154,127815823.0,403.13,1.45,-0.82,-0.026,0.0,510880,红利ETF,2025-09-06 17:14:18,,,,,,,,,,,,,,,,,,,,,,,,
2025-06-26,3.17,3.185,3.165,3.18,98276704.0,312.52,0.63,0.22,0.007,0.0,510880,红利ETF,2025-09-06 17:14:18,,,,,,,,,,,,,,,,,,,,,,,,
2025-06-25,3.158,3.178,3.147,3.173,133355588.0,423.14,0.98,0.51,0.016,0.0,510880,红利ETF,2025-09-06 17:14:18,,,,,,,,,,,,,,,,,,,,,,,,
2025-06-24,3.145,3.16,3.139,3.157,102083849.0,322.28,0.67,0.13,0.004,0.0,510880,红利ETF,2025-09-06 17:14:18,,,,,,,,,,,,,,,,,,,,,,,,
2025-06-23,3.136,3.159,3.118,3.153,111588538.0,351.84,1.31,0.41,0.013,0.0,510880,红利ETF,2025-09-06 17:14:18,,,,,,,,,,,,,,,,,,,,,,,,
2025-06-20,3.124,3.145,3.124,3.14,91566508.0,287.52,0.67,0.51,0.016,0.0,510880,红利ETF,2025-09-06 17:14:18,,,,,,,,,,,,,,,,,,,,,,,,
2025-06-19,3.137,3.137,3.118,3.124,73519113.0,229.67,0.61,-0.45,-0.014,0.0,510880,红利ETF,2025-09-06 17:14:18,,,,,,,,,,,,,,,,,,,,,,,,
2025-06-18,3.132,3.14,3.122,3.138,69871022.0,219.26,0.57,0.13,0.004,0.0,510880,红利ETF,2025-09-06 17:14:18,,,,,,,,,,,,,,,,,,,,,,,,
2025-06-17,3.131,3.138,3.126,3.134,60362136.0,189.17,0.38,0.1,0.003,0.0,510880,红利ETF,2025-09-06 17:14:18,,,,,,,,,,,,,,,,,,,,,,,,
2025-06-16,3.121,3.132,3.117,3.131,60081687.0,188.12,0.48,0.19,0.006,0.0,510880,红利ETF,2025-09-06 17:14:18,,,,,,,,,,,,,,,,,,,,,,,,
2025-06-13,3.139,3.143,3.119,3.125,125091346.0,390.91,0.76,-0.48,-0.015,0.0,510880,红利ETF,2025-09-06 17:14:18,,,,,,,,,,,,,,,,,,,,,,,,
2025-06-12,3.142,3.143,3.133,3.14,51247128.0,160.92,0.32,-0.06,-0.002,0.0,510880,红利ETF,2025-09-06 17:14:18,,,,,,,,,,,,,,,,,,,,,,,,
2025-06-11,3.131,3.144,3.129,3.142,63494630.0,199.5,0.48,0.29,0.009,0.0,510880,红利ETF,2025-09-06 17:14:18,,,,,,,,,,,,,,,,,,,,,,,,
2025-06-10,3.125,3.148,3.118,3.133,106585668.0,333.93,0.96,0.16,0.005,0.0,510880,红利ETF,2025-09-06 17:14:18,,,,,,,,,,,,,,,,,,,,,,,,
2025-06-09,3.124,3.129,3.11,3.128,75424100.0,235.93,0.61,0.13,0.004,0.0,510880,红利ETF,2025-09-06 17:14:18,,,,,,,,,,,,,,,,,,,,,,,,
2025-06-06,3.124,3.138,3.12,3.124,111079251.0,347.01,0.58,0.0,0.0,0.0,510880,红利ETF,2025-09-06 17:14:18,,,,,,,,,,,,,,,,,,,,,,,,
2025-06-05,3.14,3.149,3.116,3.124,78906418.0,246.5,1.05,-0.57,-0.018,0.0,510880,红利ETF,2025-09-06 17:14:18,,,,,,,,,,,,,,,,,,,,,,,,
2025-06-04,3.135,3.142,3.124,3.142,69241081.0,217.56,0.57,0.26,0.008,0.0,510880,红利ETF,2025-09-06 17:14:18,,,,,,,,,,,,,,,,,,,,,,,,
2025-06-03,3.118,3.139,3.103,3.134,74922500.0,234.81,1.15,0.38,0.012,0.0,510880,红利ETF,2025-09-06 17:14:18,,,,,,,,,,,,,,,,,,,,,,,,
2025-05-30,3.104,3.123,3.104,3.122,80482384.0,251.27,0.61,0.45,0.014,0.0,510880,红利ETF,2025-09-06 17:14:18,,,,,,,,,,,,,,,,,,,,,,,,
2025-05-29,3.1,3.11,3.097,3.108,71506852.0,222.24,0.42,0.26,0.008,0.0,510880,红利ETF,2025-09-06 17:14:18,,,,,,,,,,,,,,,,,,,,,,,,
2025-05-28,3.095,3.103,3.086,3.1,55699568.0,172.67,0.55,0.16,0.005,0.0,510880,红利ETF,2025-09-06 17:14:18,,,,,,,,,,,,,,,,,,,,,,,,
2025-05-27,3.105,3.114,3.087,3.095,75818830.0,234.66,0.87,-0.39,-0.012,0.0,510880,红利ETF,2025-09-06 17:14:18,,,,,,,,,,,,,,,,,,,,,,,,
2025-05-26,3.119,3.128,3.102,3.107,95942718.0,298.09,0.83,-0.51,-0.016,0.0,510880,红利ETF,2025-09-06 17:14:18,,,,,,,,,,,,,,,,,,,,,,,,
2025-05-23,3.152,3.168,3.122,3.123,89887004.0,280.72,1.46,-0.89,-0.028,0.0,510880,红利ETF,2025-09-06 17:14:18,,,,,,,,,,,,,,,,,,,,,,,,
2025-05-22,3.147,3.157,3.137,3.151,72560286.0,228.64,0.63,0.03,0.001,0.0,510880,红利ETF,2025-09-06 17:14:18,,,,,,,,,,,,,,,,,,,,,,,,
2025-05-21,3.121,3.158,3.12,3.15,115707933.0,364.48,1.22,0.93,0.029,0.0,510880,红利ETF,2025-09-06 17:14:18,,,,,,,,,,,,,,,,,,,,,,,,
2025-05-20,3.118,3.127,3.112,3.121,91527828.0,285.66,0.48,0.13,0.004,0.0,510880,红利ETF,2025-09-06 17:14:18,,,,,,,,,,,,,,,,,,,,,,,,
2025-05-19,3.106,3.121,3.104,3.117,86716277.0,270.29,0.55,0.35,0.011,0.0,510880,红利ETF,2025-09-06 17:14:18,,,,,,,,,,,,,,,,,,,,,,,,
2025-05-16,3.118,3.123,3.09,3.106,86700630.0,269.29,1.06,-0.58,-0.018,0.0,510880,红利ETF,2025-09-06 17:14:18,,,,,,,,,,,,,,,,,,,,,,,,
2025-05-15,3.132,3.145,3.123,3.124,141456107.0,441.91,0.7,-0.29,-0.009,0.0,510880,红利ETF,2025-09-06 17:14:18,,,,,,,,,,,,,,,,,,,,,,,,
2025-05-14,3.101,3.134,3.095,3.133,197015500.0,617.25,1.26,0.9,0.028,0.0,510880,红利ETF,2025-09-06 17:14:18,,,,,,,,,,,,,,,,,,,,,,,,
2025-05-13,3.09,3.107,3.083,3.105,198210201.0,615.44,0.78,0.71,0.022,0.0,510880,红利ETF,2025-09-06 17:14:18,,,,,,,,,,,,,,,,,,,,,,,,
2025-05-12,3.073,3.084,3.067,3.083,91184195.0,281.12,0.55,0.42,0.013,0.0,510880,红利ETF,2025-09-06 17:14:18,,,,,,,,,,,,,,,,,,,,,,,,
2025-05-09,3.051,3.074,3.05,3.07,129185300.0,396.6,0.79,0.56,0.017,0.0,510880,红利ETF,2025-09-06 17:14:18,,,,,,,,,,,,,,,,,,,,,,,,
2025-05-08,3.049,3.059,3.04,3.053,89909801.0,274.49,0.62,0.13,0.004,0.0,510880,红利ETF,2025-09-06 17:14:18,,,,,,,,,,,,,,,,,,,,,,,,
2025-05-07,3.043,3.055,3.036,3.049,168755169.0,514.53,0.63,0.63,0.019,0.0,510880,红利ETF,2025-09-06 17:14:18,,,,,,,,,,,,,,,,,,,,,,,,
2025-05-06,3.04,3.043,3.02,3.03,116445701.0,352.83,0.76,-0.26,-0.008,0.0,510880,红利ETF,2025-09-06 17:14:18,,,,,,,,,,,,,,,,,,,,,,,,
2025-04-30,3.062,3.062,3.034,3.038,117201200.0,356.06,0.91,-0.78,-0.024,0.0,510880,红利ETF,2025-09-06 17:14:18,,,,,,,,,,,,,,,,,,,,,,,,
2025-04-29,3.071,3.076,3.057,3.062,79978494.0,244.89,0.62,-0.39,-0.012,0.0,510880,红利ETF,2025-09-06 17:14:18,,,,,,,,,,,,,,,,,,,,,,,,
2025-04-28,3.07,3.077,3.06,3.074,118311494.0,363.69,0.55,0.1,0.003,0.0,510880,红利ETF,2025-09-06 17:14:18,,,,,,,,,,,,,,,,,,,,,,,,
2025-04-25,3.072,3.079,3.064,3.071,70100003.0,215.28,0.49,-0.1,-0.003,0.0,510880,红利ETF,2025-09-06 17:14:18,,,,,,,,,,,,,,,,,,,,,,,,
2025-04-24,3.06,3.081,3.055,3.074,95897590.0,294.79,0.85,0.42,0.013,0.0,510880,红利ETF,2025-09-06 17:14:18,,,,,,,,,,,,,,,,,,,,,,,,
2025-04-23,3.077,3.08,3.058,3.061,106024706.0,324.54,0.71,-0.52,-0.016,0.0,510880,红利ETF,2025-09-06 17:14:18,,,,,,,,,,,,,,,,,,,,,,,,
2025-04-22,3.064,3.082,3.063,3.077,125932900.0,387.5,0.62,0.33,0.01,0.0,510880,红利ETF,2025-09-06 17:14:18,,,,,,,,,,,,,,,,,,,,,,,,
2025-04-21,3.075,3.094,3.065,3.067,97844810.0,300.09,0.94,-0.32,-0.01,0.0,510880,红利ETF,2025-09-06 17:14:18,,,,,,,,,,,,,,,,,,,,,,,,
2025-04-18,3.067,3.08,3.066,3.077,83169155.0,255.91,0.46,0.07,0.002,0.0,510880,红利ETF,2025-09-06 17:14:18,,,,,,,,,,,,,,,,,,,,,,,,
2025-04-17,3.078,3.078,3.061,3.075,81058528.0,249.25,0.55,-0.23,-0.007,0.0,510880,红利ETF,2025-09-06 17:14:18,,,,,,,,,,,,,,,,,,,,,,,,
2025-04-16,3.063,3.084,3.056,3.082,147468500.0,454.5,0.91,0.52,0.016,0.0,510880,红利ETF,2025-09-06 17:14:18,,,,,,,,,,,,,,,,,,,,,,,,
2025-04-15,3.051,3.067,3.044,3.066,118990570.0,364.83,0.75,0.49,0.015,0.0,510880,红利ETF,2025-09-06 17:14:18,,,,,,,,,,,,,,,,,,,,,,,,
2025-04-14,3.023,3.055,3.02,3.051,123122425.0,375.65,1.16,0.93,0.028,0.0,510880,红利ETF,2025-09-06 17:14:18,,,,,,,,,,,,,,,,,,,,,,,,
2025-04-11,3.03,3.031,3.013,3.023,120779888.0,365.12,0.59,-0.49,-0.015,0.0,510880,红利ETF,2025-09-06 17:14:18,,,,,,,,,,,,,,,,,,,,,,,,
2025-04-10,3.02,3.048,3.01,3.038,291703000.0,886.19,1.26,1.03,0.031,0.0,510880,红利ETF,2025-09-06 17:14:18,,,,,,,,,,,,,,,,,,,,,,,,
2025-04-09,2.983,3.012,2.945,3.007,268858300.0,808.46,2.23,0.13,0.004,0.0,510880,红利ETF,2025-09-06 17:14:18,,,,,,,,,,,,,,,,,,,,,,,,
2025-04-08,2.939,3.003,2.938,3.003,298132600.0,895.29,2.21,2.21,0.065,0.0,510880,红利ETF,2025-09-06 17:14:18,,,,,,,,,,,,,,,,,,,,,,,,
2025-04-07,3.05,3.053,2.875,2.938,471864511.0,1386.34,5.71,-5.74,-0.179,0.0,510880,红利ETF,2025-09-06 17:14:18,,,,,,,,,,,,,,,,,,,,,,,,
2025-04-03,3.098,3.12,3.089,3.117,145169479.0,452.49,1.0,0.16,0.005,0.0,510880,红利ETF,2025-09-06 17:14:18,,,,,,,,,,,,,,,,,,,,,,,,
2025-04-02,3.097,3.116,3.092,3.112,133127236.0,414.29,0.77,0.48,0.015,0.0,510880,红利ETF,2025-09-06 17:14:18,,,,,,,,,,,,,,,,,,,,,,,,
2025-04-01,3.071,3.098,3.07,3.097,113641700.0,351.95,0.91,0.78,0.024,0.0,510880,红利ETF,2025-09-06 17:14:18,,,,,,,,,,,,,,,,,,,,,,,,
2025-03-31,3.079,3.095,3.067,3.073,150717500.0,463.15,0.91,-0.29,-0.009,0.0,510880,红利ETF,2025-09-06 17:14:18,,,,,,,,,,,,,,,,,,,,,,,,
2025-03-28,3.095,3.099,3.074,3.082,157192901.0,484.47,0.81,-0.55,-0.017,0.0,510880,红利ETF,2025-09-06 17:14:18,,,,,,,,,,,,,,,,,,,,,,,,
2025-03-27,3.1,3.105,3.091,3.099,93902700.0,291.0,0.45,-0.06,-0.002,0.0,510880,红利ETF,2025-09-06 17:14:18,,,,,,,,,,,,,,,,,,,,,,,,
2025-03-26,3.096,3.103,3.084,3.101,171399001.0,531.51,0.61,0.03,0.001,0.0,510880,红利ETF,2025-09-06 17:14:18,,,,,,,,,,,,,,,,,,,,,,,,
2025-03-25,3.073,3.1,3.072,3.1,169054626.0,524.07,0.91,0.71,0.022,0.0,510880,红利ETF,2025-09-06 17:14:18,,,,,,,,,,,,,,,,,,,,,,,,
2025-03-24,3.054,3.08,3.054,3.078,146219701.0,450.06,0.85,0.75,0.023,0.0,510880,红利ETF,2025-09-06 17:14:18,,,,,,,,,,,,,,,,,,,,,,,,
2025-03-21,3.058,3.08,3.043,3.055,174555717.0,533.27,1.21,-0.2,-0.006,0.0,510880,红利ETF,2025-09-06 17:14:18,,,,,,,,,,,,,,,,,,,,,,,,
2025-03-20,3.066,3.077,3.058,3.061,191114200.0,585.0,0.62,-0.16,-0.005,0.0,510880,红利ETF,2025-09-06 17:14:18,,,,,,,,,,,,,,,,,,,,,,,,
2025-03-19,3.061,3.07,3.051,3.066,100744501.0,308.88,0.62,0.03,0.001,0.0,510880,红利ETF,2025-09-06 17:14:18,,,,,,,,,,,,,,,,,,,,,,,,
2025-03-18,3.077,3.079,3.054,3.065,134980698.0,413.72,0.81,-0.39,-0.012,0.0,510880,红利ETF,2025-09-06 17:14:18,,,,,,,,,,,,,,,,,,,,,,,,
2025-03-17,3.069,3.081,3.063,3.077,136369884.0,419.61,0.59,0.29,0.009,0.0,510880,红利ETF,2025-09-06 17:14:18,,,,,,,,,,,,,,,,,,,,,,,,
2025-03-14,3.043,3.077,3.041,3.068,241624061.0,741.3,1.18,0.72,0.022,0.0,510880,红利ETF,2025-09-06 17:14:18,,,,,,,,,,,,,,,,,,,,,,,,
2025-03-13,3.014,3.047,3.013,3.046,205799156.0,626.86,1.13,0.93,0.028,0.0,510880,红利ETF,2025-09-06 17:14:18,,,,,,,,,,,,,,,,,,,,,,,,
2025-03-12,3.022,3.026,3.011,3.018,102018427.0,307.89,0.5,-0.13,-0.004,0.0,510880,红利ETF,2025-09-06 17:14:18,,,,,,,,,,,,,,,,,,,,,,,,
2025-03-11,2.993,3.023,2.986,3.022,188485969.0,569.6,1.23,0.7,0.021,0.0,510880,红利ETF,2025-09-06 17:14:18,,,,,,,,,,,,,,,,,,,,,,,,
2025-03-10,2.995,3.002,2.985,3.001,136822900.0,410.61,0.57,0.13,0.004,0.0,510880,红利ETF,2025-09-06 17:14:18,,,,,,,,,,,,,,,,,,,,,,,,
2025-03-07,2.996,3.007,2.992,2.997,224683269.0,673.38,0.5,-0.03,-0.001,0.0,510880,红利ETF,2025-09-06 17:14:18,,,,,,,,,,,,,,,,,,,,,,,,
2025-03-06,3.004,3.007,2.985,2.998,172287800.0,516.52,0.73,-0.2,-0.006,0.0,510880,红利ETF,2025-09-06 17:14:18,,,,,,,,,,,,,,,,,,,,,,,,
2025-03-05,2.996,3.004,2.984,3.004,113282400.0,340.3,0.67,0.27,0.008,0.0,510880,红利ETF,2025-09-06 17:14:18,,,,,,,,,,,,,,,,,,,,,,,,
2025-03-04,2.997,3.002,2.983,2.996,97408000.0,291.83,0.63,-0.03,-0.001,0.0,510880,红利ETF,2025-09-06 17:14:18,,,,,,,,,,,,,,,,,,,,,,,,
2025-03-03,3.01,3.019,2.996,2.997,205102343.0,614.69,0.76,-0.43,-0.013,0.0,510880,红利ETF,2025-09-06 17:14:18,,,,,,,,,,,,,,,,,,,,,,,,
2025-02-28,3.027,3.039,3.007,3.01,163965650.0,493.54,1.06,-0.59,-0.018,0.0,510880,红利ETF,2025-09-06 17:14:18,,,,,,,,,,,,,,,,,,,,,,,,
2025-02-27,3.002,3.028,2.996,3.028,187680756.0,568.3,1.07,0.9,0.027,0.0,510880,红利ETF,2025-09-06 17:14:18,,,,,,,,,,,,,,,,,,,,,,,,
2025-02-26,2.975,3.008,2.975,3.001,207659401.0,623.19,1.11,0.87,0.026,0.0,510880,红利ETF,2025-09-06 17:14:18,,,,,,,,,,,,,,,,,,,,,,,,
2025-02-25,2.991,3.0,2.972,2.975,208777400.0,621.11,0.93,-0.7,-0.021,0.0,510880,红利ETF,2025-09-06 17:14:18,,,,,,,,,,,,,,,,,,,,,,,,
2025-02-24,2.999,3.002,2.981,2.996,235457477.0,705.43,0.7,-0.13,-0.004,0.0,510880,红利ETF,2025-09-06 17:14:18,,,,,,,,,,,,,,,,,,,,,,,,
2025-02-21,3.023,3.027,2.995,3.0,352205600.0,1056.62,1.06,-0.73,-0.022,0.0,510880,红利ETF,2025-09-06 17:14:18,,,,,,,,,,,,,,,,,,,,,,,,
2025-02-20,3.03,3.033,3.02,3.022,196738500.0,594.54,0.43,-0.43,-0.013,0.0,510880,红利ETF,2025-09-06 17:14:18,,,,,,,,,,,,,,,,,,,,,,,,
2025-02-19,3.048,3.05,3.03,3.035,223587300.0,678.59,0.66,-0.59,-0.018,0.0,510880,红利ETF,2025-09-06 17:14:18,,,,,,,,,,,,,,,,,,,,,,,,
2025-02-18,3.053,3.071,3.043,3.053,249105369.0,760.52,0.92,-0.07,-0.002,0.0,510880,红利ETF,2025-09-06 17:14:18,,,,,,,,,,,,,,,,,,,,,,,,
2025-02-17,3.068,3.071,3.042,3.055,193882163.0,592.31,0.95,-0.42,-0.013,0.0,510880,红利ETF,2025-09-06 17:14:18,,,,,,,,,,,,,,,,,,,,,,,,
2025-02-14,3.064,3.07,3.051,3.068,225514046.0,691.88,0.62,0.1,0.003,0.0,510880,红利ETF,2025-09-06 17:14:18,,,,,,,,,,,,,,,,,,,,,,,,
2025-02-13,3.06,3.074,3.057,3.065,208861300.0,640.16,0.56,0.1,0.003,0.0,510880,红利ETF,2025-09-06 17:14:18,,,,,,,,,,,,,,,,,,,,,,,,
2025-02-12,3.061,3.064,3.045,3.062,181305700.0,555.16,0.62,0.07,0.002,0.0,510880,红利ETF,2025-09-06 17:14:18,,,,,,,,,,,,,,,,,,,,,,,,
2025-02-11,3.047,3.061,3.045,3.06,179773401.0,550.11,0.53,0.43,0.013,0.0,510880,红利ETF,2025-09-06 17:14:18,,,,,,,,,,,,,,,,,,,,,,,,
2025-02-10,3.05,3.052,3.037,3.047,218705949.0,666.4,0.49,-0.23,-0.007,0.0,510880,红利ETF,2025-09-06 17:14:18,,,,,,,,,,,,,,,,,,,,,,,,
2025-02-07,3.041,3.061,3.023,3.054,277715501.0,848.14,1.25,0.43,0.013,0.0,510880,红利ETF,2025-09-06 17:14:18,,,,,,,,,,,,,,,,,,,,,,,,
2025-02-06,3.041,3.049,3.02,3.041,252298000.0,767.24,0.95,-0.07,-0.002,0.0,510880,红利ETF,2025-09-06 17:14:18,,,,,,,,,,,,,,,,,,,,,,,,
2025-02-05,3.106,3.111,3.036,3.043,234095900.0,712.35,2.42,-2.0,-0.062,0.0,510880,红利ETF,2025-09-06 17:14:18,,,,,,,,,,,,,,,,,,,,,,,,
2025-01-27,3.067,3.114,3.067,3.105,140551700.0,436.41,1.53,1.24,0.038,0.0,510880,红利ETF,2025-09-06 17:14:18,,,,,,,,,,,,,,,,,,,,,,,,
2025-01-24,3.045,3.077,3.031,3.067,176820420.0,542.31,1.51,0.49,0.015,0.0,510880,红利ETF,2025-09-06 17:14:18,,,,,,,,,,,,,,,,,,,,,,,,
2025-01-23,3.019,3.063,3.019,3.052,207932337.0,634.61,1.47,1.63,0.049,0.0,510880,红利ETF,2025-09-06 17:14:18,,,,,,,,,,,,,,,,,,,,,,,,
2025-01-22,3.027,3.027,2.996,3.003,129926501.0,390.17,1.02,-0.79,-0.024,0.0,510880,红利ETF,2025-09-06 17:14:18,,,,,,,,,,,,,,,,,,,,,,,,
2025-01-21,3.053,3.055,3.017,3.027,217611460.0,658.71,1.19,-4.96,-0.158,0.0,510880,红利ETF,2025-09-06 17:14:18,,,,,,,,,,,,,,,,,,,,,,,,
2025-01-20,3.196,3.206,3.18,3.185,161191701.0,513.4,0.81,-0.34,-0.011,0.0,510880,红利ETF,2025-09-06 17:14:18,,,,,,,,,,,,,,,,,,,,,,,,
2025-01-17,3.21,3.212,3.181,3.196,133009600.0,425.1,0.96,-0.53,-0.017,0.0,510880,红利ETF,2025-09-06 17:14:18,,,,,,,,,,,,,,,,,,,,,,,,
2025-01-16,3.188,3.219,3.188,3.213,134217000.0,431.24,0.97,0.94,0.03,0.0,510880,红利ETF,2025-09-06 17:14:18,,,,,,,,,,,,,,,,,,,,,,,,
2025-01-15,3.174,3.211,3.169,3.183,143646700.0,457.23,1.32,0.28,0.009,0.0,510880,红利ETF,2025-09-06 17:14:18,,,,,,,,,,,,,,,,,,,,,,,,
2025-01-14,3.125,3.179,3.123,3.174,201953700.0,641.0,1.79,1.6,0.05,0.0,510880,红利ETF,2025-09-06 17:14:18,,,,,,,,,,,,,,,,,,,,,,,,
2025-01-13,3.14,3.152,3.11,3.124,136759300.0,427.24,1.33,-0.86,-0.027,0.0,510880,红利ETF,2025-09-06 17:14:18,,,,,,,,,,,,,,,,,,,,,,,,
2025-01-10,3.185,3.193,3.15,3.151,211617600.0,666.81,1.35,-1.04,-0.033,0.0,510880,红利ETF,2025-09-06 17:14:18,,,,,,,,,,,,,,,,,,,,,,,,
2025-01-09,3.222,3.222,3.18,3.184,191348601.0,609.25,1.3,-1.36,-0.044,0.0,510880,红利ETF,2025-09-06 17:14:18,,,,,,,,,,,,,,,,,,,,,,,,
2025-01-08,3.225,3.243,3.194,3.228,128830000.0,415.86,1.52,-0.19,-0.006,0.0,510880,红利ETF,2025-09-06 17:14:18,,,,,,,,,,,,,,,,,,,,,,,,
2025-01-07,3.247,3.247,3.2,3.234,164322500.0,531.42,1.45,-0.43,-0.014,0.0,510880,红利ETF,2025-09-06 17:14:18,,,,,,,,,,,,,,,,,,,,,,,,
2025-01-06,3.243,3.249,3.21,3.248,159646100.0,518.53,1.2,0.0,0.0,0.0,510880,红利ETF,2025-09-06 17:14:18,,,,,,,,,,,,,,,,,,,,,,,,
2025-01-03,3.282,3.29,3.238,3.248,312030900.0,1013.48,1.59,-0.95,-0.031,0.0,510880,红利ETF,2025-09-06 17:14:18,,,,,,,,,,,,,,,,,,,,,,,,
2025-01-02,3.351,3.368,3.255,3.279,291280800.0,955.11,3.37,-2.15,-0.072,0.0,510880,红利ETF,2025-09-06 17:14:18,,,,,,,,,,,,,,,,,,,,,,,,
2024-12-31,3.363,3.388,3.345,3.351,242627000.0,813.04,1.28,-0.33,-0.011,0.0,510880,红利ETF,2025-09-06 17:14:18,,,,,,,,,,,,,,,,,,,,,,,,
2024-12-30,3.314,3.365,3.31,3.362,249438901.0,838.61,1.66,1.42,0.047,0.0,510880,红利ETF,2025-09-06 17:14:18,,,,,,,,,,,,,,,,,,,,,,,,
2024-12-27,3.308,3.317,3.282,3.315,151024500.0,500.65,1.06,-0.03,-0.001,0.0,510880,红利ETF,2025-09-06 17:14:18,,,,,,,,,,,,,,,,,,,,,,,,
2024-12-26,3.327,3.329,3.304,3.316,161861100.0,536.73,0.75,-0.3,-0.01,0.0,510880,红利ETF,2025-09-06 17:14:18,,,,,,,,,,,,,,,,,,,,,,,,
2024-12-25,3.311,3.334,3.305,3.326,169528800.0,563.85,0.88,0.45,0.015,0.0,510880,红利ETF,2025-09-06 17:14:18,,,,,,,,,,,,,,,,,,,,,,,,
2024-12-24,3.278,3.316,3.273,3.311,163945800.0,542.82,1.31,1.01,0.033,0.0,510880,红利ETF,2025-09-06 17:14:18,,,,,,,,,,,,,,,,,,,,,,,,
2024-12-23,3.26,3.302,3.26,3.278,161772811.0,530.29,1.29,0.43,0.014,0.0,510880,红利ETF,2025-09-06 17:14:18,,,,,,,,,,,,,,,,,,,,,,,,
2024-12-20,3.284,3.298,3.262,3.264,142620200.0,465.51,1.09,-0.85,-0.028,0.0,510880,红利ETF,2025-09-06 17:14:18,,,,,,,,,,,,,,,,,,,,,,,,
2024-12-19,3.32,3.321,3.278,3.292,181173800.0,596.42,1.29,-1.2,-0.04,0.0,510880,红利ETF,2025-09-06 17:14:18,,,,,,,,,,,,,,,,,,,,,,,,
2024-12-18,3.319,3.35,3.317,3.332,196912001.0,656.11,1.0,0.6,0.02,0.0,510880,红利ETF,2025-09-06 17:14:18,,,,,,,,,,,,,,,,,,,,,,,,
2024-12-17,3.308,3.336,3.302,3.312,176041100.0,583.05,1.03,-0.15,-0.005,0.0,510880,红利ETF,2025-09-06 17:14:18,,,,,,,,,,,,,,,,,,,,,,,,
2024-12-16,3.285,3.338,3.281,3.317,190872500.0,633.12,1.73,0.88,0.029,0.0,510880,红利ETF,2025-09-06 17:14:18,,,,,,,,,,,,,,,,,,,,,,,,
2024-12-13,3.322,3.322,3.28,3.288,191578400.0,629.91,1.26,-1.11,-0.037,0.0,510880,红利ETF,2025-09-06 17:14:18,,,,,,,,,,,,,,,,,,,,,,,,
2024-12-12,3.321,3.328,3.309,3.325,128889953.0,428.56,0.57,0.18,0.006,0.0,510880,红利ETF,2025-09-06 17:14:18,,,,,,,,,,,,,,,,,,,,,,,,
2024-12-11,3.302,3.325,3.3,3.319,129654653.0,430.32,0.76,0.39,0.013,0.0,510880,红利ETF,2025-09-06 17:14:18,,,,,,,,,,,,,,,,,,,,,,,,
2024-12-10,3.35,3.371,3.3,3.306,404395135.0,1336.93,2.15,-0.12,-0.004,0.0,510880,红利ETF,2025-09-06 17:14:18,,,,,,,,,,,,,,,,,,,,,,,,
2024-12-09,3.302,3.33,3.288,3.31,250858000.0,830.34,1.27,0.24,0.008,0.0,510880,红利ETF,2025-09-06 17:14:18,,,,,,,,,,,,,,,,,,,,,,,,
2024-12-06,3.259,3.313,3.259,3.302,328714635.0,1085.42,1.66,1.32,0.043,0.0,510880,红利ETF,2025-09-06 17:14:18,,,,,,,,,,,,,,,,,,,,,,,,
2024-12-05,3.264,3.27,3.252,3.259,249777833.0,814.03,0.55,-0.21,-0.007,0.0,510880,红利ETF,2025-09-06 17:14:18,,,,,,,,,,,,,,,,,,,,,,,,
2024-12-04,3.238,3.28,3.22,3.266,262912500.0,858.67,1.85,0.77,0.025,0.0,510880,红利ETF,2025-09-06 17:14:18,,,,,,,,,,,,,,,,,,,,,,,,
2024-12-03,3.202,3.245,3.193,3.241,243412596.0,788.9,1.62,1.0,0.032,0.0,510880,红利ETF,2025-09-06 17:14:18,,,,,,,,,,,,,,,,,,,,,,,,
2024-12-02,3.209,3.213,3.183,3.209,121409100.0,389.6,0.94,0.25,0.008,0.0,510880,红利ETF,2025-09-06 17:14:18,,,,,,,,,,,,,,,,,,,,,,,,
2024-11-29,3.185,3.214,3.185,3.201,123905600.0,396.62,0.91,0.47,0.015,0.0,510880,红利ETF,2025-09-06 17:14:18,,,,,,,,,,,,,,,,,,,,,,,,
2024-11-28,3.185,3.2,3.179,3.186,92765311.0,295.55,0.66,-0.09,-0.003,0.0,510880,红利ETF,2025-09-06 17:14:18,,,,,,,,,,,,,,,,,,,,,,,,
2024-11-27,3.159,3.191,3.125,3.189,224876200.0,717.13,2.09,0.95,0.03,0.0,510880,红利ETF,2025-09-06 17:14:18,,,,,,,,,,,,,,,,,,,,,,,,
2024-11-26,3.142,3.17,3.135,3.159,88939542.0,280.96,1.11,0.35,0.011,0.0,510880,红利ETF,2025-09-06 17:14:18,,,,,,,,,,,,,,,,,,,,,,,,
2024-11-25,3.142,3.173,3.133,3.148,202268832.0,636.74,1.27,0.19,0.006,0.0,510880,红利ETF,2025-09-06 17:14:18,,,,,,,,,,,,,,,,,,,,,,,,
2024-11-22,3.218,3.231,3.137,3.142,197781147.0,621.43,2.92,-2.36,-0.076,0.0,510880,红利ETF,2025-09-06 17:14:18,,,,,,,,,,,,,,,,,,,,,,,,
2024-11-21,3.21,3.222,3.205,3.218,91284152.0,293.75,0.53,0.09,0.003,0.0,510880,红利ETF,2025-09-06 17:14:18,,,,,,,,,,,,,,,,,,,,,,,,
2024-11-20,3.205,3.216,3.195,3.215,110815723.0,356.27,0.65,0.19,0.006,0.0,510880,红利ETF,2025-09-06 17:14:18,,,,,,,,,,,,,,,,,,,,,,,,
2024-11-19,3.218,3.229,3.18,3.209,232906567.0,747.4,1.52,-0.28,-0.009,0.0,510880,红利ETF,2025-09-06 17:14:18,,,,,,,,,,,,,,,,,,,,,,,,
2024-11-18,3.187,3.26,3.185,3.218,272079820.0,875.55,2.37,1.51,0.048,0.0,510880,红利ETF,2025-09-06 17:14:18,,,,,,,,,,,,,,,,,,,,,,,,
2024-11-15,3.16,3.195,3.155,3.17,226436200.0,717.8,1.26,0.09,0.003,0.0,510880,红利ETF,2025-09-06 17:14:18,,,,,,,,,,,,,,,,,,,,,,,,
2024-11-14,3.188,3.199,3.163,3.167,133618400.0,423.17,1.13,-0.81,-0.026,0.0,510880,红利ETF,2025-09-06 17:14:18,,,,,,,,,,,,,,,,,,,,,,,,
2024-11-13,3.17,3.196,3.162,3.193,138758400.0,443.06,1.07,0.63,0.02,0.0,510880,红利ETF,2025-09-06 17:14:18,,,,,,,,,,,,,,,,,,,,,,,,
2024-11-12,3.19,3.215,3.16,3.173,186292600.0,591.11,1.72,-0.63,-0.02,0.0,510880,红利ETF,2025-09-06 17:14:18,,,,,,,,,,,,,,,,,,,,,,,,
2024-11-11,3.22,3.22,3.172,3.193,179443532.0,572.96,1.49,-1.02,-0.033,0.0,510880,红利ETF,2025-09-06 17:14:18,,,,,,,,,,,,,,,,,,,,,,,,
2024-11-08,3.266,3.278,3.207,3.226,171141067.0,552.1,2.18,-1.01,-0.033,0.0,510880,红利ETF,2025-09-06 17:14:18,,,,,,,,,,,,,,,,,,,,,,,,
2024-11-07,3.181,3.26,3.177,3.259,183247500.0,597.2,2.6,2.16,0.069,0.0,510880,红利ETF,2025-09-06 17:14:18,,,,,,,,,,,,,,,,,,,,,,,,
2024-11-06,3.218,3.218,3.178,3.19,202193074.0,645.0,1.24,-0.87,-0.028,0.0,510880,红利ETF,2025-09-06 17:14:18,,,,,,,,,,,,,,,,,,,,,,,,
2024-11-05,3.188,3.218,3.179,3.218,137628278.0,442.89,1.22,0.91,0.029,0.0,510880,红利ETF,2025-09-06 17:14:18,,,,,,,,,,,,,,,,,,,,,,,,
2024-11-04,3.18,3.192,3.143,3.189,90916706.0,289.93,1.54,0.44,0.014,0.0,510880,红利ETF,2025-09-06 17:14:18,,,,,,,,,,,,,,,,,,,,,,,,
2024-11-01,3.14,3.193,3.136,3.175,195546600.0,620.86,1.81,0.92,0.029,0.0,510880,红利ETF,2025-09-06 17:14:18,,,,,,,,,,,,,,,,,,,,,,,,
2024-10-31,3.164,3.164,3.117,3.146,134801800.0,424.09,1.48,-0.6,-0.019,0.0,510880,红利ETF,2025-09-06 17:14:18,,,,,,,,,,,,,,,,,,,,,,,,
2024-10-30,3.2,3.205,3.146,3.165,146092600.0,462.38,1.84,-1.09,-0.035,0.0,510880,红利ETF,2025-09-06 17:14:18,,,,,,,,,,,,,,,,,,,,,,,,
2024-10-29,3.243,3.25,3.192,3.2,143261100.0,458.44,1.79,-1.39,-0.045,0.0,510880,红利ETF,2025-09-06 17:14:18,,,,,,,,,,,,,,,,,,,,,,,,
2024-10-28,3.221,3.246,3.214,3.245,163889200.0,531.82,0.99,0.65,0.021,0.0,510880,红利ETF,2025-09-06 17:14:18,,,,,,,,,,,,,,,,,,,,,,,,
2024-10-25,3.226,3.234,3.214,3.224,115292800.0,371.7,0.62,-0.06,-0.002,0.0,510880,红利ETF,2025-09-06 17:14:18,,,,,,,,,,,,,,,,,,,,,,,,
2024-10-24,3.239,3.241,3.216,3.226,153592613.0,495.49,0.77,-0.59,-0.019,0.0,510880,红利ETF,2025-09-06 17:14:18,,,,,,,,,,,,,,,,,,,,,,,,
2024-10-23,3.244,3.255,3.232,3.245,147476000.0,478.56,0.71,0.03,0.001,0.0,510880,红利ETF,2025-09-06 17:14:18,,,,,,,,,,,,,,,,,,,,,,,,
2024-10-22,3.232,3.258,3.218,3.244,115096213.0,373.37,1.24,0.37,0.012,0.0,510880,红利ETF,2025-09-06 17:14:18,,,,,,,,,,,,,,,,,,,,,,,,
2024-10-21,3.255,3.26,3.211,3.232,207138769.0,669.47,1.51,-0.62,-0.02,0.0,510880,红利ETF,2025-09-06 17:14:18,,,,,,,,,,,,,,,,,,,,,,,,
2024-10-18,3.225,3.287,3.181,3.252,238583443.0,775.87,3.28,0.65,0.021,0.0,510880,红利ETF,2025-09-06 17:14:18,,,,,,,,,,,,,,,,,,,,,,,,
2024-10-17,3.278,3.302,3.228,3.231,138273900.0,446.76,2.26,-1.46,-0.048,0.0,510880,红利ETF,2025-09-06 17:14:18,,,,,,,,,,,,,,,,,,,,,,,,
2024-10-16,3.213,3.3,3.209,3.279,170885400.0,560.33,2.82,1.49,0.048,0.0,510880,红利ETF,2025-09-06 17:14:18,,,,,,,,,,,,,,,,,,,,,,,,
2024-10-15,3.3,3.308,3.229,3.231,190007400.0,613.91,2.39,-2.45,-0.081,0.0,510880,红利ETF,2025-09-06 17:14:18,,,,,,,,,,,,,,,,,,,,,,,,
2024-10-14,3.238,3.334,3.238,3.312,231364800.0,766.28,2.98,2.67,0.086,0.0,510880,红利ETF,2025-09-06 17:14:18,,,,,,,,,,,,,,,,,,,,,,,,
2024-10-11,3.272,3.3,3.195,3.226,265261600.0,855.73,3.21,-1.35,-0.044,0.0,510880,红利ETF,2025-09-06 17:14:18,,,,,,,,,,,,,,,,,,,,,,,,
2024-10-10,3.148,3.345,3.148,3.27,403220818.0,1318.53,6.26,3.88,0.122,0.0,510880,红利ETF,2025-09-06 17:14:18,,,,,,,,,,,,,,,,,,,,,,,,
2024-10-09,3.37,3.37,3.146,3.148,269941474.0,849.78,6.58,-7.52,-0.256,0.0,510880,红利ETF,2025-09-06 17:14:18,,,,,,,,,,,,,,,,,,,,,,,,
2024-10-08,3.731,3.731,3.316,3.404,507637798.0,1728.0,12.21,0.15,0.005,0.0,510880,红利ETF,2025-09-06 17:14:18,,,,,,,,,,,,,,,,,,,,,,,,
2024-09-30,3.255,3.433,3.232,3.399,587413977.0,1996.62,6.32,6.95,0.221,0.0,510880,红利ETF,2025-09-06 17:14:18,,,,,,,,,,,,,,,,,,,,,,,,
2024-09-27,3.224,3.253,3.138,3.178,241338400.0,766.97,3.61,-0.34,-0.011,0.0,510880,红利ETF,2025-09-06 17:14:18,,,,,,,,,,,,,,,,,,,,,,,,
2024-09-26,3.079,3.194,3.074,3.189,297067851.0,947.35,3.89,3.37,0.104,0.0,510880,红利ETF,2025-09-06 17:14:18,,,,,,,,,,,,,,,,,,,,,,,,
2024-09-25,3.086,3.149,3.079,3.085,347754517.0,1072.82,2.3,1.51,0.046,0.0,510880,红利ETF,2025-09-06 17:14:18,,,,,,,,,,,,,,,,,,,,,,,,
2024-09-24,2.932,3.04,2.92,3.039,249189600.0,757.29,4.13,4.61,0.134,0.0,510880,红利ETF,2025-09-06 17:14:18,,,,,,,,,,,,,,,,,,,,,,,,
2024-09-23,2.87,2.912,2.865,2.905,90240600.0,262.15,1.64,1.08,0.031,0.0,510880,红利ETF,2025-09-06 17:14:18,,,,,,,,,,,,,,,,,,,,,,,,
2024-09-20,2.872,2.879,2.856,2.874,61729600.0,177.41,0.8,0.03,0.001,0.0,510880,红利ETF,2025-09-06 17:14:18,,,,,,,,,,,,,,,,,,,,,,,,
2024-09-19,2.879,2.886,2.849,2.873,98601100.0,283.28,1.29,-0.17,-0.005,0.0,510880,红利ETF,2025-09-06 17:14:18,,,,,,,,,,,,,,,,,,,,,,,,
2024-09-18,2.844,2.882,2.842,2.878,98923500.0,284.7,1.41,1.16,0.033,0.0,510880,红利ETF,2025-09-06 17:14:18,,,,,,,,,,,,,,,,,,,,,,,,
2024-09-13,2.851,2.876,2.842,2.845,132952450.0,378.25,1.19,-0.28,-0.008,0.0,510880,红利ETF,2025-09-06 17:14:18,,,,,,,,,,,,,,,,,,,,,,,,
2024-09-12,2.84,2.864,2.83,2.853,175512200.0,500.74,1.2,0.35,0.01,0.0,510880,红利ETF,2025-09-06 17:14:18,,,,,,,,,,,,,,,,,,,,,,,,
2024-09-11,2.902,2.902,2.83,2.843,148072830.0,420.97,2.48,-2.2,-0.064,0.0,510880,红利ETF,2025-09-06 17:14:18,,,,,,,,,,,,,,,,,,,,,,,,
2024-09-10,2.899,2.912,2.883,2.907,97889100.0,284.56,1.0,0.24,0.007,0.0,510880,红利ETF,2025-09-06 17:14:18,,,,,,,,,,,,,,,,,,,,,,,,
2024-09-09,2.946,2.948,2.891,2.9,117983600.0,342.15,1.93,-1.86,-0.055,0.0,510880,红利ETF,2025-09-06 17:14:18,,,,,,,,,,,,,,,,,,,,,,,,
2024-09-06,2.98,2.991,2.953,2.955,65942853.0,194.86,0.0,0.0,0.0,0.0,510880,红利ETF,2025-09-06 17:14:18,,,,,,,,,,,,,,,,,,,,,,,,
