日期,开盘,最高,最低,收盘,成交量,成交额,振幅,涨跌幅,涨跌额,换手率,ETF代码,ETF名称,爬取时间,折溢价率,IOPV,前收盘,量比,委比,外盘,内盘,主力净流入-净额,主力净流入-净占比,超大单净流入-净额,超大单净流入-净占比,大单净流入-净额,大单净流入-净占比,中单净流入-净额,中单净流入-净占比,小单净流入-净额,小单净流入-净占比,现手,买一,卖一,最新份额,流通市值,总市值,更新时间
2025-09-22,1.401,1.475,1.394,1.462,1389334446.0,20312069.6,5.78,4.35,0.061,,512480,半导体ETF,2025-09-22 21:52:51,,,,,,,,,,,,,,,,,,,,,,,,
2025-09-19,1.429,1.45,1.402,1.409,1205408388.0,16984204.19,3.37,-1.19,-0.017,,512480,半导体ETF,2025-09-19 18:14:22,,,,,,,,,,,,,,,,,,,,,,,,
2025-09-18,1.424,1.488,1.393,1.426,2316909208.0,33039125.31,6.75,1.28,0.018,,512480,半导体ETF,2025-09-19 18:14:22,,,,,,,,,,,,,,,,,,,,,,,,
2025-09-17,1.384,1.42,1.364,1.408,1128495912.0,15889222.44,4.05,1.73,0.024,,512480,半导体ETF,2025-09-19 18:14:22,,,,,,,,,,,,,,,,,,,,,,,,
2025-09-16,1.376,1.402,1.374,1.387,1130152156.0,15675210.4,2.03,0.8,0.011,,512480,半导体ETF,2025-09-18 22:22:51,,,,,,,,,,,,,,,,,,,,,,,,
2025-09-12,1.341,1.391,1.333,1.366,149550.82,2045816366.0,4.33,1.86,0.025,9.56,512480,半导体ETF,2025-09-12 22:21:36,0.04,1.3666,1.341,1.16,-18.85,7681569.0,7273513.0,261945712.0,12.8,278871232.0,13.63,-16925520.0,-0.83,-150906496.0,-7.38,-111039209.0,-5.43,-2942.0,1.366,1.367,15639003648.0,21362878983.0,21362878983.0,2025-09-12 16:11:45+08:00
2025-09-11,1.26,1.344,1.251,1.341,1798371702.0,24116164.52,0.0,0.0,0.0,0.0,512480,半导体ETF,2025-09-11 22:22:15,0.0,,,,,,,,,,,,,,,,,,,,,,,
2025-09-10,1.256,1.278,1.25,1.264,1011575594.0,12786315.51,0.0,0.0,0.0,0.0,512480,半导体ETF,2025-09-10 22:21:27,0.0,,,,,,,,,,,,,,,,,,,,,,,
2025-09-09,1.264,1.276,1.242,1.247,917354718.0,11439413.33,0.0,0.0,0.0,0.0,512480,半导体ETF,2025-09-09 18:57:38,,,,,,,,,,,,,,,,,,,,,,,,
2025-09-08,1.276,1.281,1.25,1.277,1079880377.0,13790072.41,0.0,0.0,0.0,0.0,512480,半导体ETF,2025-09-08 18:27:51,,,,,,,,,,,,,,,,,,,,,,,,
2025-09-05,1.233,1.285,1.222,1.277,1641204802.0,2095.82,5.11,3.48,0.043,0.0,512480,半导体ETF,2025-09-06 17:14:18,,,,,,,,,,,,,,,,,,,,,,,,
2025-09-04,1.328,1.331,1.214,1.234,2153508306.0,2657.43,8.78,-7.36,-0.098,0.0,512480,半导体ETF,2025-09-06 17:14:18,,,,,,,,,,,,,,,,,,,,,,,,
2025-09-03,1.349,1.366,1.324,1.332,1550939817.0,2065.85,3.1,-1.7,-0.023,0.0,512480,半导体ETF,2025-09-06 17:14:18,,,,,,,,,,,,,,,,,,,,,,,,
2025-09-02,1.395,1.409,1.342,1.355,1985555962.0,2690.43,4.78,-3.42,-0.048,0.0,512480,半导体ETF,2025-09-06 17:14:18,,,,,,,,,,,,,,,,,,,,,,,,
2025-09-01,1.4,1.416,1.361,1.403,1729394496.0,2426.34,3.99,1.67,0.023,0.0,512480,半导体ETF,2025-09-06 17:14:18,,,,,,,,,,,,,,,,,,,,,,,,
2025-08-29,1.386,1.388,1.353,1.38,1794955407.0,2477.04,2.47,-2.54,-0.036,0.0,512480,半导体ETF,2025-09-06 17:14:18,,,,,,,,,,,,,,,,,,,,,,,,
2025-08-28,1.325,1.418,1.324,1.416,2937643465.0,4159.7,7.12,7.19,0.095,0.0,512480,半导体ETF,2025-09-06 17:14:18,,,,,,,,,,,,,,,,,,,,,,,,
2025-08-27,1.325,1.387,1.316,1.321,2365719882.0,3125.12,5.4,0.46,0.006,0.0,512480,半导体ETF,2025-09-06 17:14:18,,,,,,,,,,,,,,,,,,,,,,,,
2025-08-26,1.311,1.331,1.294,1.315,1765024804.0,2321.01,2.78,-1.13,-0.015,0.0,512480,半导体ETF,2025-09-06 17:14:18,,,,,,,,,,,,,,,,,,,,,,,,
2025-08-25,1.337,1.381,1.297,1.33,2460123680.0,3271.96,6.41,1.45,0.019,0.0,512480,半导体ETF,2025-09-06 17:14:18,,,,,,,,,,,,,,,,,,,,,,,,
2025-08-22,1.21,1.315,1.21,1.311,2984968679.0,3913.29,8.74,9.16,0.11,0.0,512480,半导体ETF,2025-09-06 17:14:18,,,,,,,,,,,,,,,,,,,,,,,,
2025-08-21,1.211,1.236,1.195,1.201,1635811812.0,1964.61,3.39,-0.58,-0.007,0.0,512480,半导体ETF,2025-09-06 17:14:18,,,,,,,,,,,,,,,,,,,,,,,,
2025-08-20,1.158,1.208,1.151,1.208,2058137719.0,2486.23,4.9,3.87,0.045,0.0,512480,半导体ETF,2025-09-06 17:14:18,,,,,,,,,,,,,,,,,,,,,,,,
2025-08-19,1.176,1.183,1.161,1.163,1124803702.0,1308.15,1.86,-1.44,-0.017,0.0,512480,半导体ETF,2025-09-06 17:14:18,,,,,,,,,,,,,,,,,,,,,,,,
2025-08-18,1.175,1.19,1.151,1.18,1509381443.0,1781.07,3.38,2.25,0.026,0.0,512480,半导体ETF,2025-09-06 17:14:18,,,,,,,,,,,,,,,,,,,,,,,,
2025-08-15,1.125,1.158,1.123,1.154,1339875052.0,1546.22,3.09,2.03,0.023,0.0,512480,半导体ETF,2025-09-06 17:14:18,,,,,,,,,,,,,,,,,,,,,,,,
2025-08-14,1.125,1.165,1.123,1.131,2232052018.0,2524.45,3.74,0.62,0.007,0.0,512480,半导体ETF,2025-09-06 17:14:18,,,,,,,,,,,,,,,,,,,,,,,,
2025-08-13,1.11,1.125,1.108,1.124,1253418068.0,1408.84,1.53,0.99,0.011,0.0,512480,半导体ETF,2025-09-06 17:14:18,,,,,,,,,,,,,,,,,,,,,,,,
2025-08-12,1.084,1.121,1.079,1.113,1973599748.0,2196.62,3.87,2.68,0.029,0.0,512480,半导体ETF,2025-09-06 17:14:18,,,,,,,,,,,,,,,,,,,,,,,,
2025-08-11,1.075,1.09,1.075,1.084,926787329.0,1004.64,1.39,0.74,0.008,0.0,512480,半导体ETF,2025-09-06 17:14:18,,,,,,,,,,,,,,,,,,,,,,,,
2025-08-08,1.091,1.092,1.075,1.076,1266412461.0,1362.66,1.55,-1.91,-0.021,0.0,512480,半导体ETF,2025-09-06 17:14:18,,,,,,,,,,,,,,,,,,,,,,,,
2025-08-07,1.092,1.112,1.086,1.097,2011635153.0,2206.76,2.38,0.55,0.006,0.0,512480,半导体ETF,2025-09-06 17:14:18,,,,,,,,,,,,,,,,,,,,,,,,
2025-08-06,1.081,1.091,1.075,1.091,909638272.0,992.42,1.48,0.93,0.01,0.0,512480,半导体ETF,2025-09-06 17:14:18,,,,,,,,,,,,,,,,,,,,,,,,
2025-08-05,1.081,1.082,1.074,1.081,803740478.0,868.84,0.74,0.19,0.002,0.0,512480,半导体ETF,2025-09-06 17:14:18,,,,,,,,,,,,,,,,,,,,,,,,
2025-08-04,1.059,1.08,1.058,1.079,1026029836.0,1107.09,2.07,1.31,0.014,0.0,512480,半导体ETF,2025-09-06 17:14:18,,,,,,,,,,,,,,,,,,,,,,,,
2025-08-01,1.073,1.086,1.056,1.065,1193838652.0,1271.44,2.79,-0.84,-0.009,0.0,512480,半导体ETF,2025-09-06 17:14:18,,,,,,,,,,,,,,,,,,,,,,,,
2025-07-31,1.084,1.1,1.071,1.074,1708739988.0,1835.19,2.67,-1.2,-0.013,0.0,512480,半导体ETF,2025-09-06 17:14:18,,,,,,,,,,,,,,,,,,,,,,,,
2025-07-30,1.094,1.105,1.078,1.087,1553082833.0,1688.2,2.46,-0.91,-0.01,0.0,512480,半导体ETF,2025-09-06 17:14:18,,,,,,,,,,,,,,,,,,,,,,,,
2025-07-29,1.077,1.098,1.076,1.097,1532462954.0,1681.11,2.04,1.48,0.016,0.0,512480,半导体ETF,2025-09-06 17:14:18,,,,,,,,,,,,,,,,,,,,,,,,
2025-07-28,1.084,1.086,1.074,1.081,1356509238.0,1466.39,1.11,-0.09,-0.001,0.0,512480,半导体ETF,2025-09-06 17:14:18,,,,,,,,,,,,,,,,,,,,,,,,
2025-07-25,1.061,1.087,1.053,1.082,2089801005.0,2261.16,3.21,2.08,0.022,0.0,512480,半导体ETF,2025-09-06 17:14:18,,,,,,,,,,,,,,,,,,,,,,,,
2025-07-24,1.044,1.061,1.043,1.06,1815530097.0,1924.46,1.72,1.53,0.016,0.0,512480,半导体ETF,2025-09-06 17:14:18,,,,,,,,,,,,,,,,,,,,,,,,
2025-07-23,1.037,1.052,1.034,1.044,2151874451.0,2246.56,1.74,0.68,0.007,0.0,512480,半导体ETF,2025-09-06 17:14:18,,,,,,,,,,,,,,,,,,,,,,,,
2025-07-22,1.035,1.044,1.03,1.037,1678845770.0,1740.96,1.35,0.19,0.002,0.0,512480,半导体ETF,2025-09-06 17:14:18,,,,,,,,,,,,,,,,,,,,,,,,
2025-07-21,1.034,1.037,1.03,1.035,1143369547.0,1183.39,0.68,0.1,0.001,0.0,512480,半导体ETF,2025-09-06 17:14:18,,,,,,,,,,,,,,,,,,,,,,,,
2025-07-18,1.033,1.046,1.027,1.034,1670142800.0,1726.93,1.84,0.19,0.002,0.0,512480,半导体ETF,2025-09-06 17:14:18,,,,,,,,,,,,,,,,,,,,,,,,
2025-07-17,1.024,1.032,1.017,1.032,1376518190.0,1420.57,1.46,0.68,0.007,0.0,512480,半导体ETF,2025-09-06 17:14:18,,,,,,,,,,,,,,,,,,,,,,,,
2025-07-16,1.023,1.041,1.022,1.025,1437766261.0,1473.71,1.86,0.29,0.003,0.0,512480,半导体ETF,2025-09-06 17:14:18,,,,,,,,,,,,,,,,,,,,,,,,
2025-07-15,1.024,1.029,1.015,1.022,1342038572.0,1371.56,1.37,-0.29,-0.003,0.0,512480,半导体ETF,2025-09-06 17:14:18,,,,,,,,,,,,,,,,,,,,,,,,
2025-07-14,1.031,1.034,1.024,1.025,909242500.0,931.97,0.97,-0.58,-0.006,0.0,512480,半导体ETF,2025-09-06 17:14:18,,,,,,,,,,,,,,,,,,,,,,,,
2025-07-11,1.016,1.035,1.011,1.031,1534101800.0,1581.66,2.36,1.48,0.015,0.0,512480,半导体ETF,2025-09-06 17:14:18,,,,,,,,,,,,,,,,,,,,,,,,
2025-07-10,1.018,1.021,1.012,1.016,966192427.0,981.65,0.88,-0.29,-0.003,0.0,512480,半导体ETF,2025-09-06 17:14:18,,,,,,,,,,,,,,,,,,,,,,,,
2025-07-09,1.031,1.033,1.017,1.019,1011647557.0,1030.87,1.55,-1.16,-0.012,0.0,512480,半导体ETF,2025-09-06 17:14:18,,,,,,,,,,,,,,,,,,,,,,,,
2025-07-08,1.022,1.032,1.019,1.031,971013057.0,1001.11,1.28,1.18,0.012,0.0,512480,半导体ETF,2025-09-06 17:14:18,,,,,,,,,,,,,,,,,,,,,,,,
2025-07-07,1.019,1.026,1.017,1.019,542268600.0,552.57,0.88,-0.29,-0.003,0.0,512480,半导体ETF,2025-09-06 17:14:18,,,,,,,,,,,,,,,,,,,,,,,,
2025-07-04,1.023,1.038,1.012,1.022,1384941000.0,1415.41,2.54,-0.2,-0.002,0.0,512480,半导体ETF,2025-09-06 17:14:18,,,,,,,,,,,,,,,,,,,,,,,,
2025-07-03,1.023,1.028,1.018,1.024,890554500.0,911.93,0.98,0.1,0.001,0.0,512480,半导体ETF,2025-09-06 17:14:18,,,,,,,,,,,,,,,,,,,,,,,,
2025-07-02,1.042,1.042,1.02,1.023,1169832800.0,1196.74,2.11,-2.01,-0.021,0.0,512480,半导体ETF,2025-09-06 17:14:18,,,,,,,,,,,,,,,,,,,,,,,,
2025-07-01,1.049,1.054,1.037,1.044,911368407.0,951.47,1.62,-0.48,-0.005,0.0,512480,半导体ETF,2025-09-06 17:14:18,,,,,,,,,,,,,,,,,,,,,,,,
2025-06-30,1.039,1.051,1.039,1.049,1159387700.0,1216.2,1.16,1.55,0.016,0.0,512480,半导体ETF,2025-09-06 17:14:18,,,,,,,,,,,,,,,,,,,,,,,,
2025-06-27,1.037,1.045,1.025,1.033,1250439059.0,1291.7,1.95,0.49,0.005,0.0,512480,半导体ETF,2025-09-06 17:14:18,,,,,,,,,,,,,,,,,,,,,,,,
2025-06-26,1.039,1.049,1.028,1.028,1302994500.0,1339.48,2.02,-1.34,-0.014,0.0,512480,半导体ETF,2025-09-06 17:14:18,,,,,,,,,,,,,,,,,,,,,,,,
2025-06-25,1.022,1.042,1.017,1.042,1527956699.0,1592.13,2.45,2.16,0.022,0.0,512480,半导体ETF,2025-09-06 17:14:18,,,,,,,,,,,,,,,,,,,,,,,,
2025-06-24,1.004,1.022,1.004,1.02,1282616892.0,1308.27,1.79,1.69,0.017,0.0,512480,半导体ETF,2025-09-06 17:14:18,,,,,,,,,,,,,,,,,,,,,,,,
2025-06-23,0.988,1.01,0.986,1.003,1075659000.0,1078.89,2.42,1.11,0.011,0.0,512480,半导体ETF,2025-09-06 17:14:18,,,,,,,,,,,,,,,,,,,,,,,,
2025-06-20,0.999,1.006,0.991,0.992,673922543.0,668.53,1.5,-0.7,-0.007,0.0,512480,半导体ETF,2025-09-06 17:14:18,,,,,,,,,,,,,,,,,,,,,,,,
2025-06-19,0.997,1.013,0.996,0.999,1016856353.0,1015.84,1.7,0.0,0.0,0.0,512480,半导体ETF,2025-09-06 17:14:18,,,,,,,,,,,,,,,,,,,,,,,,
2025-06-18,0.991,1.004,0.987,0.999,872586000.0,871.71,1.72,0.81,0.008,0.0,512480,半导体ETF,2025-09-06 17:14:18,,,,,,,,,,,,,,,,,,,,,,,,
2025-06-17,0.999,1.0,0.988,0.991,628174400.0,622.52,1.2,-0.5,-0.005,0.0,512480,半导体ETF,2025-09-06 17:14:18,,,,,,,,,,,,,,,,,,,,,,,,
2025-06-16,0.99,1.002,0.988,0.996,518273800.0,516.2,1.41,0.3,0.003,0.0,512480,半导体ETF,2025-09-06 17:14:18,,,,,,,,,,,,,,,,,,,,,,,,
2025-06-13,0.992,1.0,0.988,0.993,822297900.0,816.54,1.2,-0.4,-0.004,0.0,512480,半导体ETF,2025-09-06 17:14:18,,,,,,,,,,,,,,,,,,,,,,,,
2025-06-12,1.005,1.006,0.995,0.997,898314900.0,895.62,1.09,-0.89,-0.009,0.0,512480,半导体ETF,2025-09-06 17:14:18,,,,,,,,,,,,,,,,,,,,,,,,
2025-06-11,1.007,1.015,1.005,1.006,628585500.0,632.36,0.99,-0.1,-0.001,0.0,512480,半导体ETF,2025-09-06 17:14:18,,,,,,,,,,,,,,,,,,,,,,,,
2025-06-10,1.029,1.03,1.001,1.007,1017010700.0,1024.13,2.82,-2.14,-0.022,0.0,512480,半导体ETF,2025-09-06 17:14:18,,,,,,,,,,,,,,,,,,,,,,,,
2025-06-09,1.027,1.031,1.023,1.029,602499400.0,619.97,0.78,0.19,0.002,0.0,512480,半导体ETF,2025-09-06 17:14:18,,,,,,,,,,,,,,,,,,,,,,,,
2025-06-06,1.027,1.033,1.021,1.027,663430993.0,681.34,1.17,0.0,0.0,0.0,512480,半导体ETF,2025-09-06 17:14:18,,,,,,,,,,,,,,,,,,,,,,,,
2025-06-05,1.01,1.029,1.007,1.027,1155431368.0,1186.63,2.18,1.88,0.019,0.0,512480,半导体ETF,2025-09-06 17:14:18,,,,,,,,,,,,,,,,,,,,,,,,
2025-06-04,1.003,1.012,1.003,1.008,537647975.0,541.95,0.9,0.4,0.004,0.0,512480,半导体ETF,2025-09-06 17:14:18,,,,,,,,,,,,,,,,,,,,,,,,
2025-06-03,0.992,1.013,0.99,1.004,740128513.0,743.09,2.31,0.8,0.008,0.0,512480,半导体ETF,2025-09-06 17:14:18,,,,,,,,,,,,,,,,,,,,,,,,
2025-05-30,1.006,1.007,0.994,0.996,706499500.0,703.67,1.29,-1.48,-0.015,0.0,512480,半导体ETF,2025-09-06 17:14:18,,,,,,,,,,,,,,,,,,,,,,,,
2025-05-29,0.994,1.012,0.993,1.011,936563600.0,946.87,1.92,2.12,0.021,0.0,512480,半导体ETF,2025-09-06 17:14:18,,,,,,,,,,,,,,,,,,,,,,,,
2025-05-28,1.0,1.001,0.989,0.99,620701000.0,614.49,1.2,-0.7,-0.007,0.0,512480,半导体ETF,2025-09-06 17:14:18,,,,,,,,,,,,,,,,,,,,,,,,
2025-05-27,1.009,1.01,0.997,0.997,788262800.0,785.9,1.28,-1.58,-0.016,0.0,512480,半导体ETF,2025-09-06 17:14:18,,,,,,,,,,,,,,,,,,,,,,,,
2025-05-26,1.008,1.016,1.006,1.013,729062300.0,738.54,1.0,0.9,0.009,0.0,512480,半导体ETF,2025-09-06 17:14:18,,,,,,,,,,,,,,,,,,,,,,,,
2025-05-23,1.016,1.021,1.003,1.004,935517700.0,939.26,1.77,-1.28,-0.013,0.0,512480,半导体ETF,2025-09-06 17:14:18,,,,,,,,,,,,,,,,,,,,,,,,
2025-05-22,1.02,1.032,1.016,1.017,752380548.0,765.17,1.57,-0.49,-0.005,0.0,512480,半导体ETF,2025-09-06 17:14:18,,,,,,,,,,,,,,,,,,,,,,,,
2025-05-21,1.03,1.031,1.02,1.022,638626700.0,652.68,1.07,-0.97,-0.01,0.0,512480,半导体ETF,2025-09-06 17:14:18,,,,,,,,,,,,,,,,,,,,,,,,
2025-05-20,1.028,1.036,1.024,1.032,543917600.0,561.32,1.17,0.39,0.004,0.0,512480,半导体ETF,2025-09-06 17:14:18,,,,,,,,,,,,,,,,,,,,,,,,
2025-05-19,1.024,1.031,1.016,1.028,642621755.0,660.62,1.47,0.49,0.005,0.0,512480,半导体ETF,2025-09-06 17:14:18,,,,,,,,,,,,,,,,,,,,,,,,
2025-05-16,1.023,1.029,1.021,1.023,559183420.0,572.04,0.78,-0.2,-0.002,0.0,512480,半导体ETF,2025-09-06 17:14:18,,,,,,,,,,,,,,,,,,,,,,,,
2025-05-15,1.046,1.046,1.025,1.025,1022218248.0,1047.77,2.01,-2.1,-0.022,0.0,512480,半导体ETF,2025-09-06 17:14:18,,,,,,,,,,,,,,,,,,,,,,,,
2025-05-14,1.046,1.055,1.038,1.047,954894000.0,999.77,1.63,0.38,0.004,0.0,512480,半导体ETF,2025-09-06 17:14:18,,,,,,,,,,,,,,,,,,,,,,,,
2025-05-13,1.057,1.06,1.042,1.043,756205209.0,788.72,1.71,-0.67,-0.007,0.0,512480,半导体ETF,2025-09-06 17:14:18,,,,,,,,,,,,,,,,,,,,,,,,
2025-05-12,1.048,1.055,1.041,1.05,853187006.0,895.85,1.34,0.67,0.007,0.0,512480,半导体ETF,2025-09-06 17:14:18,,,,,,,,,,,,,,,,,,,,,,,,
2025-05-09,1.062,1.063,1.04,1.043,1030588535.0,1074.9,2.15,-2.34,-0.025,0.0,512480,半导体ETF,2025-09-06 17:14:18,,,,,,,,,,,,,,,,,,,,,,,,
2025-05-08,1.066,1.071,1.062,1.068,627127617.0,669.77,0.84,-0.37,-0.004,0.0,512480,半导体ETF,2025-09-06 17:14:18,,,,,,,,,,,,,,,,,,,,,,,,
2025-05-07,1.092,1.096,1.062,1.072,884533600.0,948.22,3.15,-0.56,-0.006,0.0,512480,半导体ETF,2025-09-06 17:14:18,,,,,,,,,,,,,,,,,,,,,,,,
2025-05-06,1.064,1.078,1.062,1.078,779138173.0,839.91,1.51,1.7,0.018,0.0,512480,半导体ETF,2025-09-06 17:14:18,,,,,,,,,,,,,,,,,,,,,,,,
2025-04-30,1.048,1.062,1.043,1.06,783511200.0,830.52,1.81,1.24,0.013,0.0,512480,半导体ETF,2025-09-06 17:14:18,,,,,,,,,,,,,,,,,,,,,,,,
2025-04-29,1.034,1.049,1.03,1.047,643845000.0,674.11,1.83,0.96,0.01,0.0,512480,半导体ETF,2025-09-06 17:14:18,,,,,,,,,,,,,,,,,,,,,,,,
2025-04-28,1.036,1.043,1.028,1.037,631545100.0,654.91,1.45,0.1,0.001,0.0,512480,半导体ETF,2025-09-06 17:14:18,,,,,,,,,,,,,,,,,,,,,,,,
2025-04-25,1.038,1.044,1.026,1.036,805099000.0,834.08,1.73,-0.29,-0.003,0.0,512480,半导体ETF,2025-09-06 17:14:18,,,,,,,,,,,,,,,,,,,,,,,,
2025-04-24,1.051,1.052,1.035,1.039,719304859.0,747.36,1.61,-1.33,-0.014,0.0,512480,半导体ETF,2025-09-06 17:14:18,,,,,,,,,,,,,,,,,,,,,,,,
2025-04-23,1.055,1.057,1.044,1.053,842488397.0,887.14,1.23,0.0,0.0,0.0,512480,半导体ETF,2025-09-06 17:14:18,,,,,,,,,,,,,,,,,,,,,,,,
2025-04-22,1.054,1.062,1.046,1.053,689421770.0,725.96,1.52,-0.19,-0.002,0.0,512480,半导体ETF,2025-09-06 17:14:18,,,,,,,,,,,,,,,,,,,,,,,,
2025-04-21,1.046,1.056,1.043,1.055,617504972.0,651.47,1.25,1.05,0.011,0.0,512480,半导体ETF,2025-09-06 17:14:18,,,,,,,,,,,,,,,,,,,,,,,,
2025-04-18,1.053,1.053,1.038,1.044,682098500.0,712.11,1.42,-1.04,-0.011,0.0,512480,半导体ETF,2025-09-06 17:14:18,,,,,,,,,,,,,,,,,,,,,,,,
2025-04-17,1.042,1.069,1.04,1.055,1004308800.0,1059.55,2.76,0.57,0.006,0.0,512480,半导体ETF,2025-09-06 17:14:18,,,,,,,,,,,,,,,,,,,,,,,,
2025-04-16,1.048,1.055,1.032,1.049,903147900.0,947.4,2.21,0.67,0.007,0.0,512480,半导体ETF,2025-09-06 17:14:18,,,,,,,,,,,,,,,,,,,,,,,,
2025-04-15,1.053,1.053,1.034,1.042,906095700.0,944.15,1.8,-1.23,-0.013,0.0,512480,半导体ETF,2025-09-06 17:14:18,,,,,,,,,,,,,,,,,,,,,,,,
2025-04-14,1.07,1.071,1.043,1.055,1195532915.0,1261.29,2.65,0.0,0.0,0.0,512480,半导体ETF,2025-09-06 17:14:18,,,,,,,,,,,,,,,,,,,,,,,,
2025-04-11,1.002,1.079,1.001,1.055,2231358738.0,2354.08,7.76,4.98,0.05,0.0,512480,半导体ETF,2025-09-06 17:14:18,,,,,,,,,,,,,,,,,,,,,,,,
2025-04-10,1.013,1.026,0.999,1.005,1342292592.0,1349.0,2.72,1.21,0.012,0.0,512480,半导体ETF,2025-09-06 17:14:18,,,,,,,,,,,,,,,,,,,,,,,,
2025-04-09,0.931,1.009,0.918,0.993,2097941494.0,2083.26,9.62,4.97,0.047,0.0,512480,半导体ETF,2025-09-06 17:14:18,,,,,,,,,,,,,,,,,,,,,,,,
2025-04-08,0.95,0.97,0.93,0.946,1243890600.0,1176.72,4.24,0.21,0.002,0.0,512480,半导体ETF,2025-09-06 17:14:18,,,,,,,,,,,,,,,,,,,,,,,,
2025-04-07,0.994,1.01,0.937,0.944,1737832000.0,1640.51,7.01,-9.32,-0.097,0.0,512480,半导体ETF,2025-09-06 17:14:18,,,,,,,,,,,,,,,,,,,,,,,,
2025-04-03,1.038,1.061,1.036,1.041,1029333800.0,1071.54,2.39,-0.57,-0.006,0.0,512480,半导体ETF,2025-09-06 17:14:18,,,,,,,,,,,,,,,,,,,,,,,,
2025-04-02,1.046,1.057,1.044,1.047,595698138.0,623.7,1.24,-0.29,-0.003,0.0,512480,半导体ETF,2025-09-06 17:14:18,,,,,,,,,,,,,,,,,,,,,,,,
2025-04-01,1.053,1.059,1.047,1.05,737160900.0,774.02,1.14,0.1,0.001,0.0,512480,半导体ETF,2025-09-06 17:14:18,,,,,,,,,,,,,,,,,,,,,,,,
2025-03-31,1.041,1.054,1.033,1.049,864928800.0,907.31,2.0,0.1,0.001,0.0,512480,半导体ETF,2025-09-06 17:14:18,,,,,,,,,,,,,,,,,,,,,,,,
2025-03-28,1.064,1.069,1.047,1.048,821784300.0,861.23,2.07,-1.5,-0.016,0.0,512480,半导体ETF,2025-09-06 17:14:18,,,,,,,,,,,,,,,,,,,,,,,,
2025-03-27,1.051,1.081,1.048,1.064,1033859600.0,1100.03,3.14,1.14,0.012,0.0,512480,半导体ETF,2025-09-06 17:14:18,,,,,,,,,,,,,,,,,,,,,,,,
2025-03-26,1.05,1.063,1.05,1.052,583341000.0,613.67,1.24,0.0,0.0,0.0,512480,半导体ETF,2025-09-06 17:14:18,,,,,,,,,,,,,,,,,,,,,,,,
2025-03-25,1.072,1.074,1.047,1.052,908478300.0,955.72,2.52,-1.87,-0.02,0.0,512480,半导体ETF,2025-09-06 17:14:18,,,,,,,,,,,,,,,,,,,,,,,,
2025-03-24,1.061,1.074,1.051,1.072,947023900.0,1015.21,2.16,0.75,0.008,0.0,512480,半导体ETF,2025-09-06 17:14:18,,,,,,,,,,,,,,,,,,,,,,,,
2025-03-21,1.089,1.094,1.06,1.064,1218366401.0,1296.34,3.11,-2.74,-0.03,0.0,512480,半导体ETF,2025-09-06 17:14:18,,,,,,,,,,,,,,,,,,,,,,,,
2025-03-20,1.103,1.108,1.093,1.094,804206400.0,879.8,1.36,-1.0,-0.011,0.0,512480,半导体ETF,2025-09-06 17:14:18,,,,,,,,,,,,,,,,,,,,,,,,
2025-03-19,1.115,1.121,1.101,1.105,819017650.0,905.01,1.79,-1.25,-0.014,0.0,512480,半导体ETF,2025-09-06 17:14:18,,,,,,,,,,,,,,,,,,,,,,,,
2025-03-18,1.118,1.133,1.114,1.119,839113159.0,938.97,1.71,0.72,0.008,0.0,512480,半导体ETF,2025-09-06 17:14:18,,,,,,,,,,,,,,,,,,,,,,,,
2025-03-17,1.117,1.12,1.106,1.111,621012855.0,689.95,1.25,-0.54,-0.006,0.0,512480,半导体ETF,2025-09-06 17:14:18,,,,,,,,,,,,,,,,,,,,,,,,
2025-03-14,1.095,1.118,1.092,1.117,1254342357.0,1401.1,2.37,2.01,0.022,0.0,512480,半导体ETF,2025-09-06 17:14:18,,,,,,,,,,,,,,,,,,,,,,,,
2025-03-13,1.125,1.127,1.088,1.095,1584821600.0,1735.38,3.46,-2.93,-0.033,0.0,512480,半导体ETF,2025-09-06 17:14:18,,,,,,,,,,,,,,,,,,,,,,,,
2025-03-12,1.138,1.147,1.128,1.128,992286300.0,1119.3,1.68,-0.35,-0.004,0.0,512480,半导体ETF,2025-09-06 17:14:18,,,,,,,,,,,,,,,,,,,,,,,,
2025-03-11,1.124,1.14,1.119,1.132,1030269700.0,1166.27,1.84,-0.79,-0.009,0.0,512480,半导体ETF,2025-09-06 17:14:18,,,,,,,,,,,,,,,,,,,,,,,,
2025-03-10,1.136,1.147,1.125,1.141,925297400.0,1055.76,1.93,-0.09,-0.001,0.0,512480,半导体ETF,2025-09-06 17:14:18,,,,,,,,,,,,,,,,,,,,,,,,
2025-03-07,1.15,1.158,1.134,1.142,1041319100.0,1189.19,2.07,-1.38,-0.016,0.0,512480,半导体ETF,2025-09-06 17:14:18,,,,,,,,,,,,,,,,,,,,,,,,
2025-03-06,1.14,1.167,1.14,1.158,1411516599.0,1634.54,2.39,2.66,0.03,0.0,512480,半导体ETF,2025-09-06 17:14:18,,,,,,,,,,,,,,,,,,,,,,,,
2025-03-05,1.123,1.14,1.113,1.128,1097914400.0,1238.45,2.4,0.45,0.005,0.0,512480,半导体ETF,2025-09-06 17:14:18,,,,,,,,,,,,,,,,,,,,,,,,
2025-03-04,1.082,1.133,1.071,1.123,1649892800.0,1852.83,5.67,2.74,0.03,0.0,512480,半导体ETF,2025-09-06 17:14:18,,,,,,,,,,,,,,,,,,,,,,,,
2025-03-03,1.108,1.118,1.084,1.093,1209786899.0,1322.3,3.07,-1.26,-0.014,0.0,512480,半导体ETF,2025-09-06 17:14:18,,,,,,,,,,,,,,,,,,,,,,,,
2025-02-28,1.153,1.161,1.104,1.107,1760236299.0,1948.58,4.9,-4.9,-0.057,0.0,512480,半导体ETF,2025-09-06 17:14:18,,,,,,,,,,,,,,,,,,,,,,,,
2025-02-27,1.171,1.182,1.136,1.164,1503009390.0,1749.5,3.93,-0.6,-0.007,0.0,512480,半导体ETF,2025-09-06 17:14:18,,,,,,,,,,,,,,,,,,,,,,,,
2025-02-26,1.154,1.175,1.134,1.171,1617234583.0,1893.78,3.56,1.74,0.02,0.0,512480,半导体ETF,2025-09-06 17:14:18,,,,,,,,,,,,,,,,,,,,,,,,
2025-02-25,1.135,1.173,1.128,1.151,1551557600.0,1785.84,3.89,-0.43,-0.005,0.0,512480,半导体ETF,2025-09-06 17:14:18,,,,,,,,,,,,,,,,,,,,,,,,
2025-02-24,1.149,1.168,1.14,1.156,1424976775.0,1647.27,2.43,0.35,0.004,0.0,512480,半导体ETF,2025-09-06 17:14:18,,,,,,,,,,,,,,,,,,,,,,,,
2025-02-21,1.1,1.162,1.097,1.152,2359917967.0,2718.63,5.93,5.11,0.056,0.0,512480,半导体ETF,2025-09-06 17:14:18,,,,,,,,,,,,,,,,,,,,,,,,
2025-02-20,1.1,1.104,1.084,1.096,1231049700.0,1349.23,1.82,-0.45,-0.005,0.0,512480,半导体ETF,2025-09-06 17:14:18,,,,,,,,,,,,,,,,,,,,,,,,
2025-02-19,1.055,1.102,1.052,1.101,2325641418.0,2560.53,4.74,4.46,0.047,0.0,512480,半导体ETF,2025-09-06 17:14:18,,,,,,,,,,,,,,,,,,,,,,,,
2025-02-18,1.075,1.087,1.05,1.054,1291127610.0,1360.85,3.44,-2.04,-0.022,0.0,512480,半导体ETF,2025-09-06 17:14:18,,,,,,,,,,,,,,,,,,,,,,,,
2025-02-17,1.064,1.081,1.06,1.076,1354349600.0,1457.28,1.98,1.32,0.014,0.0,512480,半导体ETF,2025-09-06 17:14:18,,,,,,,,,,,,,,,,,,,,,,,,
2025-02-14,1.058,1.065,1.045,1.062,1217904400.0,1293.41,1.88,-0.09,-0.001,0.0,512480,半导体ETF,2025-09-06 17:14:18,,,,,,,,,,,,,,,,,,,,,,,,
2025-02-13,1.095,1.095,1.062,1.063,1571518000.0,1670.52,3.01,-3.1,-0.034,0.0,512480,半导体ETF,2025-09-06 17:14:18,,,,,,,,,,,,,,,,,,,,,,,,
2025-02-12,1.06,1.097,1.057,1.097,1862167692.0,2042.8,3.77,3.39,0.036,0.0,512480,半导体ETF,2025-09-06 17:14:18,,,,,,,,,,,,,,,,,,,,,,,,
2025-02-11,1.072,1.073,1.053,1.061,1019582299.0,1081.78,1.86,-1.21,-0.013,0.0,512480,半导体ETF,2025-09-06 17:14:18,,,,,,,,,,,,,,,,,,,,,,,,
2025-02-10,1.066,1.076,1.059,1.074,1378522999.0,1480.53,1.6,1.13,0.012,0.0,512480,半导体ETF,2025-09-06 17:14:18,,,,,,,,,,,,,,,,,,,,,,,,
2025-02-07,1.06,1.086,1.044,1.062,2141595375.0,2274.37,3.96,0.19,0.002,0.0,512480,半导体ETF,2025-09-06 17:14:18,,,,,,,,,,,,,,,,,,,,,,,,
2025-02-06,1.011,1.062,1.008,1.06,2122899676.0,2250.27,5.31,4.23,0.043,0.0,512480,半导体ETF,2025-09-06 17:14:18,,,,,,,,,,,,,,,,,,,,,,,,
2025-02-05,1.014,1.025,1.006,1.017,1623690329.0,1651.29,1.92,2.73,0.027,0.0,512480,半导体ETF,2025-09-06 17:14:18,,,,,,,,,,,,,,,,,,,,,,,,
2025-01-27,1.018,1.018,0.988,0.99,1298979733.0,1285.99,2.95,-2.75,-0.028,0.0,512480,半导体ETF,2025-09-06 17:14:18,,,,,,,,,,,,,,,,,,,,,,,,
2025-01-24,1.008,1.021,1.005,1.018,1051874933.0,1070.81,1.59,0.99,0.01,0.0,512480,半导体ETF,2025-09-06 17:14:18,,,,,,,,,,,,,,,,,,,,,,,,
2025-01-23,1.036,1.046,1.008,1.008,1642417399.0,1655.56,3.72,-1.37,-0.014,0.0,512480,半导体ETF,2025-09-06 17:14:18,,,,,,,,,,,,,,,,,,,,,,,,
2025-01-22,1.02,1.031,1.017,1.022,1234971800.0,1262.14,1.37,-0.2,-0.002,0.0,512480,半导体ETF,2025-09-06 17:14:18,,,,,,,,,,,,,,,,,,,,,,,,
2025-01-21,1.015,1.033,1.005,1.024,1806450900.0,1849.81,2.77,1.39,0.014,0.0,512480,半导体ETF,2025-09-06 17:14:18,,,,,,,,,,,,,,,,,,,,,,,,
2025-01-20,1.016,1.02,1.003,1.01,1231837400.0,1244.16,1.68,-0.1,-0.001,0.0,512480,半导体ETF,2025-09-06 17:14:18,,,,,,,,,,,,,,,,,,,,,,,,
2025-01-17,0.98,1.025,0.979,1.011,2098743400.0,2121.83,4.66,2.33,0.023,0.0,512480,半导体ETF,2025-09-06 17:14:18,,,,,,,,,,,,,,,,,,,,,,,,
2025-01-16,1.016,1.026,0.981,0.988,1747106700.0,1726.14,4.46,-2.08,-0.021,0.0,512480,半导体ETF,2025-09-06 17:14:18,,,,,,,,,,,,,,,,,,,,,,,,
2025-01-15,1.008,1.023,1.0,1.009,1342003114.0,1354.08,2.28,-0.1,-0.001,0.0,512480,半导体ETF,2025-09-06 17:14:18,,,,,,,,,,,,,,,,,,,,,,,,
2025-01-14,0.978,1.012,0.963,1.01,2182070940.0,2203.89,5.05,4.02,0.039,0.0,512480,半导体ETF,2025-09-06 17:14:18,,,,,,,,,,,,,,,,,,,,,,,,
2025-01-13,0.961,0.976,0.955,0.971,986179490.0,957.58,2.15,-0.41,-0.004,0.0,512480,半导体ETF,2025-09-06 17:14:18,,,,,,,,,,,,,,,,,,,,,,,,
2025-01-10,0.976,1.011,0.974,0.975,1910230800.0,1862.48,3.78,-0.51,-0.005,0.0,512480,半导体ETF,2025-09-06 17:14:18,,,,,,,,,,,,,,,,,,,,,,,,
2025-01-09,0.97,0.993,0.97,0.98,1373661824.0,1346.19,2.35,0.31,0.003,0.0,512480,半导体ETF,2025-09-06 17:14:18,,,,,,,,,,,,,,,,,,,,,,,,
2025-01-08,0.966,0.99,0.945,0.977,1876638700.0,1833.48,4.61,0.0,0.0,0.0,512480,半导体ETF,2025-09-06 17:14:18,,,,,,,,,,,,,,,,,,,,,,,,
2025-01-07,0.937,0.978,0.935,0.977,2054926224.0,2007.66,4.6,4.49,0.042,0.0,512480,半导体ETF,2025-09-06 17:14:18,,,,,,,,,,,,,,,,,,,,,,,,
2025-01-06,0.941,0.955,0.927,0.935,1374500200.0,1285.16,2.97,-0.74,-0.007,0.0,512480,半导体ETF,2025-09-06 17:14:18,,,,,,,,,,,,,,,,,,,,,,,,
2025-01-03,0.966,0.97,0.941,0.942,1843403965.0,1736.49,3.01,-2.28,-0.022,0.0,512480,半导体ETF,2025-09-06 17:14:18,,,,,,,,,,,,,,,,,,,,,,,,
2025-01-02,1.003,1.006,0.951,0.964,2227159424.0,2146.98,5.45,-4.46,-0.045,0.0,512480,半导体ETF,2025-09-06 17:14:18,,,,,,,,,,,,,,,,,,,,,,,,
2024-12-31,1.055,1.057,1.008,1.009,1918819200.0,1936.09,4.64,-4.54,-0.048,0.0,512480,半导体ETF,2025-09-06 17:14:18,,,,,,,,,,,,,,,,,,,,,,,,
2024-12-30,1.053,1.071,1.044,1.057,1074869252.0,1136.14,2.56,0.09,0.001,0.0,512480,半导体ETF,2025-09-06 17:14:18,,,,,,,,,,,,,,,,,,,,,,,,
2024-12-27,1.068,1.088,1.054,1.056,1563012207.0,1650.54,3.18,-1.12,-0.012,0.0,512480,半导体ETF,2025-09-06 17:14:18,,,,,,,,,,,,,,,,,,,,,,,,
2024-12-26,1.043,1.071,1.04,1.068,1700841400.0,1816.5,2.96,1.91,0.02,0.0,512480,半导体ETF,2025-09-06 17:14:18,,,,,,,,,,,,,,,,,,,,,,,,
2024-12-25,1.05,1.062,1.04,1.048,1318255722.0,1381.53,2.1,-0.19,-0.002,0.0,512480,半导体ETF,2025-09-06 17:14:18,,,,,,,,,,,,,,,,,,,,,,,,
2024-12-24,1.038,1.053,1.015,1.05,2079143739.0,2183.1,3.68,1.55,0.016,0.0,512480,半导体ETF,2025-09-06 17:14:18,,,,,,,,,,,,,,,,,,,,,,,,
2024-12-23,1.053,1.068,1.032,1.034,1411376000.0,1459.36,3.42,-1.71,-0.018,0.0,512480,半导体ETF,2025-09-06 17:14:18,,,,,,,,,,,,,,,,,,,,,,,,
2024-12-20,1.017,1.072,1.013,1.052,2956998000.0,3110.76,5.8,3.34,0.034,0.0,512480,半导体ETF,2025-09-06 17:14:18,,,,,,,,,,,,,,,,,,,,,,,,
2024-12-19,0.986,1.026,0.984,1.018,2111757667.0,2149.77,4.2,1.9,0.019,0.0,512480,半导体ETF,2025-09-06 17:14:18,,,,,,,,,,,,,,,,,,,,,,,,
2024-12-18,0.972,1.002,0.966,0.999,2434558411.0,2432.12,3.71,2.99,0.029,0.0,512480,半导体ETF,2025-09-06 17:14:18,,,,,,,,,,,,,,,,,,,,,,,,
2024-12-17,0.977,0.984,0.968,0.97,1162620000.0,1127.74,1.63,-1.02,-0.01,0.0,512480,半导体ETF,2025-09-06 17:14:18,,,,,,,,,,,,,,,,,,,,,,,,
2024-12-16,0.999,1.001,0.976,0.98,1255521600.0,1230.41,2.5,-1.9,-0.019,0.0,512480,半导体ETF,2025-09-06 17:14:18,,,,,,,,,,,,,,,,,,,,,,,,
2024-12-13,1.005,1.016,0.997,0.999,1662733800.0,1661.07,1.88,-1.38,-0.014,0.0,512480,半导体ETF,2025-09-06 17:14:18,,,,,,,,,,,,,,,,,,,,,,,,
2024-12-12,1.007,1.014,0.998,1.013,1298222553.0,1315.1,1.59,0.5,0.005,0.0,512480,半导体ETF,2025-09-06 17:14:18,,,,,,,,,,,,,,,,,,,,,,,,
2024-12-11,1.004,1.018,1.0,1.008,1278790255.0,1289.02,1.79,0.2,0.002,0.0,512480,半导体ETF,2025-09-06 17:14:18,,,,,,,,,,,,,,,,,,,,,,,,
2024-12-10,1.04,1.045,1.003,1.006,2458580555.0,2473.33,4.22,1.0,0.01,0.0,512480,半导体ETF,2025-09-06 17:14:18,,,,,,,,,,,,,,,,,,,,,,,,
2024-12-09,1.009,1.013,0.989,0.996,1472823200.0,1466.93,2.37,-1.68,-0.017,0.0,512480,半导体ETF,2025-09-06 17:14:18,,,,,,,,,,,,,,,,,,,,,,,,
2024-12-06,1.002,1.023,0.99,1.013,1911422300.0,1936.27,3.29,1.1,0.011,0.0,512480,半导体ETF,2025-09-06 17:14:18,,,,,,,,,,,,,,,,,,,,,,,,
2024-12-05,0.993,1.006,0.991,1.002,1192270043.0,1194.65,1.5,-0.1,-0.001,0.0,512480,半导体ETF,2025-09-06 17:14:18,,,,,,,,,,,,,,,,,,,,,,,,
2024-12-04,1.027,1.038,0.999,1.003,2215006203.0,2221.65,3.9,0.2,0.002,0.0,512480,半导体ETF,2025-09-06 17:14:18,,,,,,,,,,,,,,,,,,,,,,,,
2024-12-03,1.019,1.024,0.992,1.001,1555886598.0,1557.44,3.16,-1.28,-0.013,0.0,512480,半导体ETF,2025-09-06 17:14:18,,,,,,,,,,,,,,,,,,,,,,,,
2024-12-02,1.005,1.02,0.999,1.014,1496889498.0,1517.85,2.09,0.9,0.009,0.0,512480,半导体ETF,2025-09-06 17:14:18,,,,,,,,,,,,,,,,,,,,,,,,
2024-11-29,0.982,1.027,0.974,1.005,2147427600.0,2158.16,5.36,1.72,0.017,0.0,512480,半导体ETF,2025-09-06 17:14:18,,,,,,,,,,,,,,,,,,,,,,,,
2024-11-28,0.992,1.011,0.983,0.988,1611861939.0,1592.52,2.83,-0.2,-0.002,0.0,512480,半导体ETF,2025-09-06 17:14:18,,,,,,,,,,,,,,,,,,,,,,,,
2024-11-27,0.956,0.991,0.94,0.99,1951667959.0,1932.15,5.32,3.23,0.031,0.0,512480,半导体ETF,2025-09-06 17:14:18,,,,,,,,,,,,,,,,,,,,,,,,
2024-11-26,0.965,0.977,0.958,0.959,958487260.0,919.19,1.96,-0.93,-0.009,0.0,512480,半导体ETF,2025-09-06 17:14:18,,,,,,,,,,,,,,,,,,,,,,,,
2024-11-25,0.978,0.983,0.948,0.968,1638335700.0,1585.91,3.58,-1.12,-0.011,0.0,512480,半导体ETF,2025-09-06 17:14:18,,,,,,,,,,,,,,,,,,,,,,,,
2024-11-22,1.022,1.034,0.976,0.979,2248194966.0,2200.98,5.68,-4.21,-0.043,0.0,512480,半导体ETF,2025-09-06 17:14:18,,,,,,,,,,,,,,,,,,,,,,,,
2024-11-21,1.014,1.035,1.009,1.022,1620244866.0,1655.89,2.56,0.49,0.005,0.0,512480,半导体ETF,2025-09-06 17:14:18,,,,,,,,,,,,,,,,,,,,,,,,
2024-11-20,1.015,1.023,1.001,1.017,1780699940.0,1810.97,2.16,0.0,0.0,0.0,512480,半导体ETF,2025-09-06 17:14:18,,,,,,,,,,,,,,,,,,,,,,,,
2024-11-19,0.987,1.018,0.973,1.017,2432630703.0,2473.99,4.58,3.46,0.034,0.0,512480,半导体ETF,2025-09-06 17:14:18,,,,,,,,,,,,,,,,,,,,,,,,
2024-11-18,1.004,1.017,0.974,0.983,2231212063.0,2193.28,4.27,-2.48,-0.025,0.0,512480,半导体ETF,2025-09-06 17:14:18,,,,,,,,,,,,,,,,,,,,,,,,
2024-11-15,1.049,1.058,1.006,1.008,2431807042.0,2451.26,4.95,-4.09,-0.043,0.0,512480,半导体ETF,2025-09-06 17:14:18,,,,,,,,,,,,,,,,,,,,,,,,
2024-11-14,1.087,1.093,1.048,1.051,1914939885.0,2012.6,4.11,-4.02,-0.044,0.0,512480,半导体ETF,2025-09-06 17:14:18,,,,,,,,,,,,,,,,,,,,,,,,
2024-11-13,1.083,1.097,1.07,1.095,1757640047.0,1924.62,2.47,0.09,0.001,0.0,512480,半导体ETF,2025-09-06 17:14:18,,,,,,,,,,,,,,,,,,,,,,,,
2024-11-12,1.124,1.124,1.08,1.094,2698155038.0,2951.78,3.93,-2.41,-0.027,0.0,512480,半导体ETF,2025-09-06 17:14:18,,,,,,,,,,,,,,,,,,,,,,,,
2024-11-11,1.067,1.125,1.067,1.121,3060019334.0,3430.28,5.49,6.16,0.065,0.0,512480,半导体ETF,2025-09-06 17:14:18,,,,,,,,,,,,,,,,,,,,,,,,
2024-11-08,1.072,1.103,1.053,1.056,2827217090.0,2985.54,4.77,0.67,0.007,0.0,512480,半导体ETF,2025-09-06 17:14:18,,,,,,,,,,,,,,,,,,,,,,,,
2024-11-07,1.009,1.056,1.006,1.049,2375067900.0,2491.45,4.91,3.05,0.031,0.0,512480,半导体ETF,2025-09-06 17:14:18,,,,,,,,,,,,,,,,,,,,,,,,
2024-11-06,1.014,1.039,1.0,1.018,2907517172.0,2959.85,3.87,1.09,0.011,0.0,512480,半导体ETF,2025-09-06 17:14:18,,,,,,,,,,,,,,,,,,,,,,,,
2024-11-05,0.96,1.011,0.956,1.007,3126743144.0,3148.63,5.74,5.01,0.048,0.0,512480,半导体ETF,2025-09-06 17:14:18,,,,,,,,,,,,,,,,,,,,,,,,
2024-11-04,0.938,0.963,0.936,0.959,1551279447.0,1487.68,2.86,1.7,0.016,0.0,512480,半导体ETF,2025-09-06 17:14:18,,,,,,,,,,,,,,,,,,,,,,,,
2024-11-01,0.978,0.983,0.941,0.943,2802166308.0,2642.44,4.26,-4.36,-0.043,0.0,512480,半导体ETF,2025-09-06 17:14:18,,,,,,,,,,,,,,,,,,,,,,,,
2024-10-31,0.962,0.999,0.95,0.986,2883403055.0,2843.04,5.09,2.39,0.023,0.0,512480,半导体ETF,2025-09-06 17:14:18,,,,,,,,,,,,,,,,,,,,,,,,
2024-10-30,0.968,0.979,0.949,0.963,1934508053.0,1862.93,3.08,-1.03,-0.01,0.0,512480,半导体ETF,2025-09-06 17:14:18,,,,,,,,,,,,,,,,,,,,,,,,
2024-10-29,0.981,1.01,0.972,0.973,2785603017.0,2710.39,3.87,-0.82,-0.008,0.0,512480,半导体ETF,2025-09-06 17:14:18,,,,,,,,,,,,,,,,,,,,,,,,
2024-10-28,0.981,0.984,0.969,0.981,1638936200.0,1607.8,1.52,-0.3,-0.003,0.0,512480,半导体ETF,2025-09-06 17:14:18,,,,,,,,,,,,,,,,,,,,,,,,
2024-10-25,0.981,1.005,0.966,0.984,2506299521.0,2466.2,3.99,0.61,0.006,0.0,512480,半导体ETF,2025-09-06 17:14:18,,,,,,,,,,,,,,,,,,,,,,,,
2024-10-24,0.967,0.99,0.965,0.978,2011911034.0,1967.65,2.56,0.2,0.002,0.0,512480,半导体ETF,2025-09-06 17:14:18,,,,,,,,,,,,,,,,,,,,,,,,
2024-10-23,0.976,0.998,0.97,0.976,2553882968.0,2492.59,2.83,-1.41,-0.014,0.0,512480,半导体ETF,2025-09-06 17:14:18,,,,,,,,,,,,,,,,,,,,,,,,
2024-10-22,0.994,1.018,0.974,0.99,3032957099.0,3002.63,4.37,-1.69,-0.017,0.0,512480,半导体ETF,2025-09-06 17:14:18,,,,,,,,,,,,,,,,,,,,,,,,
2024-10-21,1.0,1.063,0.988,1.007,7084671687.0,7134.26,7.76,4.24,0.041,0.0,512480,半导体ETF,2025-09-06 17:14:18,,,,,,,,,,,,,,,,,,,,,,,,
2024-10-18,0.876,0.966,0.875,0.966,4758607293.0,4596.81,10.36,10.02,0.088,0.0,512480,半导体ETF,2025-09-06 17:14:18,,,,,,,,,,,,,,,,,,,,,,,,
2024-10-17,0.893,0.9,0.876,0.878,1920758280.0,1686.43,2.75,0.46,0.004,0.0,512480,半导体ETF,2025-09-06 17:14:18,,,,,,,,,,,,,,,,,,,,,,,,
2024-10-16,0.863,0.892,0.859,0.874,2151158588.0,1880.11,3.7,-2.02,-0.018,0.0,512480,半导体ETF,2025-09-06 17:14:18,,,,,,,,,,,,,,,,,,,,,,,,
2024-10-15,0.907,0.938,0.89,0.892,3363512429.0,3000.25,5.28,-1.87,-0.017,0.0,512480,半导体ETF,2025-09-06 17:14:18,,,,,,,,,,,,,,,,,,,,,,,,
2024-10-14,0.87,0.911,0.85,0.909,3202255211.0,2910.85,6.98,4.0,0.035,0.0,512480,半导体ETF,2025-09-06 17:14:18,,,,,,,,,,,,,,,,,,,,,,,,
2024-10-11,0.898,0.922,0.861,0.874,3666293322.0,3204.34,6.59,-5.51,-0.051,0.0,512480,半导体ETF,2025-09-06 17:14:18,,,,,,,,,,,,,,,,,,,,,,,,
2024-10-10,0.979,0.995,0.91,0.925,5587288758.0,5168.24,8.85,-3.65,-0.035,0.0,512480,半导体ETF,2025-09-06 17:14:18,,,,,,,,,,,,,,,,,,,,,,,,
2024-10-09,0.96,0.96,0.9,0.96,8356277009.0,8022.03,6.87,9.97,0.087,0.0,512480,半导体ETF,2025-09-06 17:14:18,,,,,,,,,,,,,,,,,,,,,,,,
2024-10-08,0.873,0.873,0.873,0.873,985732669.0,860.54,0.0,9.95,0.079,0.0,512480,半导体ETF,2025-09-06 17:14:18,,,,,,,,,,,,,,,,,,,,,,,,
2024-09-30,0.76,0.794,0.753,0.794,2880346135.0,2286.99,5.68,9.97,0.072,0.0,512480,半导体ETF,2025-09-06 17:14:18,,,,,,,,,,,,,,,,,,,,,,,,
2024-09-27,0.69,0.724,0.684,0.722,1758523000.0,1269.65,5.9,6.49,0.044,0.0,512480,半导体ETF,2025-09-06 17:14:18,,,,,,,,,,,,,,,,,,,,,,,,
2024-09-26,0.645,0.68,0.643,0.678,2253429690.0,1527.83,5.72,4.79,0.031,0.0,512480,半导体ETF,2025-09-06 17:14:18,,,,,,,,,,,,,,,,,,,,,,,,
2024-09-25,0.651,0.664,0.645,0.647,2299945400.0,1488.06,2.95,0.62,0.004,0.0,512480,半导体ETF,2025-09-06 17:14:18,,,,,,,,,,,,,,,,,,,,,,,,
2024-09-24,0.623,0.643,0.615,0.643,2289078890.0,1471.88,4.52,3.88,0.024,0.0,512480,半导体ETF,2025-09-06 17:14:18,,,,,,,,,,,,,,,,,,,,,,,,
2024-09-23,0.624,0.63,0.617,0.619,963858900.0,596.63,2.08,-0.96,-0.006,0.0,512480,半导体ETF,2025-09-06 17:14:18,,,,,,,,,,,,,,,,,,,,,,,,
2024-09-20,0.63,0.632,0.618,0.625,1065778500.0,666.11,2.23,-0.64,-0.004,0.0,512480,半导体ETF,2025-09-06 17:14:18,,,,,,,,,,,,,,,,,,,,,,,,
2024-09-19,0.628,0.637,0.619,0.629,1358789800.0,854.68,2.88,0.8,0.005,0.0,512480,半导体ETF,2025-09-06 17:14:18,,,,,,,,,,,,,,,,,,,,,,,,
2024-09-18,0.63,0.632,0.616,0.624,821676800.0,512.73,2.55,-0.48,-0.003,0.0,512480,半导体ETF,2025-09-06 17:14:18,,,,,,,,,,,,,,,,,,,,,,,,
2024-09-13,0.635,0.64,0.626,0.627,1028269100.0,644.72,2.2,-1.26,-0.008,0.0,512480,半导体ETF,2025-09-06 17:14:18,,,,,,,,,,,,,,,,,,,,,,,,
2024-09-12,0.647,0.651,0.634,0.635,950424200.0,603.52,2.64,-1.24,-0.008,0.0,512480,半导体ETF,2025-09-06 17:14:18,,,,,,,,,,,,,,,,,,,,,,,,
2024-09-11,0.642,0.646,0.64,0.643,703013406.0,452.04,0.93,-0.31,-0.002,0.0,512480,半导体ETF,2025-09-06 17:14:18,,,,,,,,,,,,,,,,,,,,,,,,
2024-09-10,0.64,0.649,0.631,0.645,1186920090.0,765.56,2.82,0.94,0.006,0.0,512480,半导体ETF,2025-09-06 17:14:18,,,,,,,,,,,,,,,,,,,,,,,,
2024-09-09,0.639,0.648,0.636,0.639,832571496.0,532.01,1.87,-0.62,-0.004,0.0,512480,半导体ETF,2025-09-06 17:14:18,,,,,,,,,,,,,,,,,,,,,,,,
2024-09-06,0.655,0.655,0.641,0.643,940622400.0,604.82,0.0,0.0,0.0,0.0,512480,半导体ETF,2025-09-06 17:14:18,,,,,,,,,,,,,,,,,,,,,,,,
