日期,开盘,最高,最低,收盘,成交量,成交额,振幅,涨跌幅,涨跌额,换手率,ETF代码,ETF名称,爬取时间,折溢价率,IOPV,前收盘,量比,委比,外盘,内盘,主力净流入-净额,主力净流入-净占比,超大单净流入-净额,超大单净流入-净占比,大单净流入-净额,大单净流入-净占比,中单净流入-净额,中单净流入-净占比,小单净流入-净额,小单净流入-净占比,现手,买一,卖一,最新份额,流通市值,总市值,更新时间
2025-09-22,2.237,2.239,2.206,2.231,4419775766.0,98605197.34,1.48,-0.27,-0.006,,513090,香港证券ETF,2025-09-22 21:52:51,,,,,,,,,,,,,,,,,,,,,,,,
2025-09-19,2.246,2.26,2.228,2.23,5010552769.0,111735326.75,1.42,-0.71,-0.016,,513090,香港证券ETF,2025-09-19 18:14:22,,,,,,,,,,,,,,,,,,,,,,,,
2025-09-18,2.325,2.327,2.227,2.246,6555686911.0,147240728.02,4.3,-3.4,-0.079,,513090,香港证券ETF,2025-09-19 18:14:22,,,,,,,,,,,,,,,,,,,,,,,,
2025-09-17,2.289,2.329,2.289,2.325,6756232052.0,157082395.21,1.75,1.57,0.036,,513090,香港证券ETF,2025-09-19 18:14:22,,,,,,,,,,,,,,,,,,,,,,,,
2025-09-16,2.315,2.321,2.262,2.289,6303008106.0,144275855.55,2.55,-1.12,-0.026,,513090,香港证券ETF,2025-09-18 22:22:51,,,,,,,,,,,,,,,,,,,,,,,,
2025-09-12,2.35,2.367,2.331,2.332,534974.56,12543244348.0,1.54,-0.26,-0.006,37.96,513090,香港证券ETF,2025-09-12 22:21:36,0.24,2.3377,2.338,0.75,-46.29,25422579.0,28074877.0,-188645632.0,-1.5,-205914624.0,-1.64,17268992.0,0.14,83956400.0,0.67,104689232.0,0.83,849.0,2.332,2.333,14094488064.0,32868346165.0,32868346165.0,2025-09-12 16:11:35+08:00
2025-09-11,2.295,2.354,2.28,2.338,8489672838.0,198488550.95,0.0,0.0,0.0,0.0,513090,香港证券ETF,2025-09-11 22:22:15,0.0,,,,,,,,,,,,,,,,,,,,,,,
2025-09-10,2.298,2.34,2.293,2.317,7676123679.0,177855785.64,0.0,0.0,0.0,0.0,513090,香港证券ETF,2025-09-10 22:21:27,0.0,,,,,,,,,,,,,,,,,,,,,,,
2025-09-09,2.232,2.307,2.223,2.294,9262810652.0,212488876.36,0.0,0.0,0.0,0.0,513090,香港证券ETF,2025-09-09 18:27:56,,,,,,,,,,,,,,,,,,,,,,,,
2025-09-08,2.228,2.238,2.214,2.228,3921930341.0,87380608.0,0.0,0.0,0.0,0.0,513090,香港证券ETF,2025-09-08 18:27:51,,,,,,,,,,,,,,,,,,,,,,,,
2025-09-05,2.199,2.231,2.178,2.23,6314812820.0,14082.03,2.42,1.97,0.043,0.0,513090,香港证券ETF,2025-09-06 17:14:18,,,,,,,,,,,,,,,,,,,,,,,,
2025-09-04,2.206,2.211,2.159,2.187,8303704007.0,18160.2,2.37,-0.36,-0.008,0.0,513090,香港证券ETF,2025-09-06 17:14:18,,,,,,,,,,,,,,,,,,,,,,,,
2025-09-03,2.274,2.284,2.189,2.195,5368455267.0,11783.76,4.21,-2.79,-0.063,0.0,513090,香港证券ETF,2025-09-06 17:14:18,,,,,,,,,,,,,,,,,,,,,,,,
2025-09-02,2.31,2.313,2.25,2.258,5535881443.0,12500.02,2.74,-1.95,-0.045,0.0,513090,香港证券ETF,2025-09-06 17:14:18,,,,,,,,,,,,,,,,,,,,,,,,
2025-09-01,2.349,2.355,2.298,2.303,4709200083.0,10845.29,2.44,-1.37,-0.032,0.0,513090,香港证券ETF,2025-09-06 17:14:18,,,,,,,,,,,,,,,,,,,,,,,,
2025-08-29,2.35,2.385,2.327,2.335,9231149425.0,21554.73,2.49,0.13,0.003,0.0,513090,香港证券ETF,2025-09-06 17:14:18,,,,,,,,,,,,,,,,,,,,,,,,
2025-08-28,2.316,2.338,2.272,2.332,8270618269.0,19287.08,2.85,0.82,0.019,0.0,513090,香港证券ETF,2025-09-06 17:14:18,,,,,,,,,,,,,,,,,,,,,,,,
2025-08-27,2.415,2.427,2.307,2.313,7666102721.0,17731.7,4.97,-4.22,-0.102,0.0,513090,香港证券ETF,2025-09-06 17:14:18,,,,,,,,,,,,,,,,,,,,,,,,
2025-08-26,2.45,2.458,2.41,2.415,5231542307.0,12634.17,1.95,-1.95,-0.048,0.0,513090,香港证券ETF,2025-09-06 17:14:18,,,,,,,,,,,,,,,,,,,,,,,,
2025-08-25,2.487,2.495,2.446,2.463,9408886184.0,23174.09,2.0,0.74,0.018,0.0,513090,香港证券ETF,2025-09-06 17:14:18,,,,,,,,,,,,,,,,,,,,,,,,
2025-08-22,2.434,2.465,2.415,2.445,11584406885.0,28323.87,2.07,1.33,0.032,0.0,513090,香港证券ETF,2025-09-06 17:14:18,,,,,,,,,,,,,,,,,,,,,,,,
2025-08-21,2.475,2.487,2.403,2.413,7905356120.0,19075.62,3.45,-0.78,-0.019,0.0,513090,香港证券ETF,2025-09-06 17:14:18,,,,,,,,,,,,,,,,,,,,,,,,
2025-08-20,2.424,2.436,2.374,2.432,8331386318.0,20261.93,2.54,-0.53,-0.013,0.0,513090,香港证券ETF,2025-09-06 17:14:18,,,,,,,,,,,,,,,,,,,,,,,,
2025-08-19,2.498,2.525,2.44,2.445,7993564801.0,19544.27,3.4,-2.28,-0.057,0.0,513090,香港证券ETF,2025-09-06 17:14:18,,,,,,,,,,,,,,,,,,,,,,,,
2025-08-18,2.483,2.542,2.458,2.502,13185408268.0,32989.89,3.41,1.54,0.038,0.0,513090,香港证券ETF,2025-09-06 17:14:18,,,,,,,,,,,,,,,,,,,,,,,,
2025-08-15,2.323,2.487,2.323,2.464,17134639003.0,42219.75,7.01,5.39,0.126,0.0,513090,香港证券ETF,2025-09-06 17:14:18,,,,,,,,,,,,,,,,,,,,,,,,
2025-08-14,2.337,2.386,2.334,2.338,9706100157.0,22692.86,2.24,0.69,0.016,0.0,513090,香港证券ETF,2025-09-06 17:14:18,,,,,,,,,,,,,,,,,,,,,,,,
2025-08-13,2.299,2.345,2.281,2.322,10636632530.0,24698.26,2.81,1.98,0.045,0.0,513090,香港证券ETF,2025-09-06 17:14:18,,,,,,,,,,,,,,,,,,,,,,,,
2025-08-12,2.25,2.279,2.248,2.277,6185401890.0,14084.16,1.38,1.34,0.03,0.0,513090,香港证券ETF,2025-09-06 17:14:18,,,,,,,,,,,,,,,,,,,,,,,,
2025-08-11,2.239,2.262,2.22,2.247,7027702816.0,15791.25,1.89,0.94,0.021,0.0,513090,香港证券ETF,2025-09-06 17:14:18,,,,,,,,,,,,,,,,,,,,,,,,
2025-08-08,2.253,2.254,2.225,2.226,4328668394.0,9635.62,1.29,-1.07,-0.024,0.0,513090,香港证券ETF,2025-09-06 17:14:18,,,,,,,,,,,,,,,,,,,,,,,,
2025-08-07,2.245,2.28,2.235,2.25,6936112633.0,15606.25,2.01,0.67,0.015,0.0,513090,香港证券ETF,2025-09-06 17:14:18,,,,,,,,,,,,,,,,,,,,,,,,
2025-08-06,2.232,2.244,2.225,2.235,4299422844.0,9609.21,0.85,-0.04,-0.001,0.0,513090,香港证券ETF,2025-09-06 17:14:18,,,,,,,,,,,,,,,,,,,,,,,,
2025-08-05,2.208,2.239,2.2,2.236,7373013632.0,16486.06,1.78,1.82,0.04,0.0,513090,香港证券ETF,2025-09-06 17:14:18,,,,,,,,,,,,,,,,,,,,,,,,
2025-08-04,2.157,2.197,2.151,2.196,5128012879.0,11261.12,2.11,0.97,0.021,0.0,513090,香港证券ETF,2025-09-06 17:14:18,,,,,,,,,,,,,,,,,,,,,,,,
2025-08-01,2.232,2.245,2.161,2.175,7320260886.0,15921.57,3.78,-2.07,-0.046,0.0,513090,香港证券ETF,2025-09-06 17:14:18,,,,,,,,,,,,,,,,,,,,,,,,
2025-07-31,2.271,2.314,2.213,2.221,8342621056.0,18528.96,4.42,-2.8,-0.064,0.0,513090,香港证券ETF,2025-09-06 17:14:18,,,,,,,,,,,,,,,,,,,,,,,,
2025-07-30,2.325,2.354,2.271,2.285,8925354239.0,20394.43,3.53,-2.68,-0.063,0.0,513090,香港证券ETF,2025-09-06 17:14:18,,,,,,,,,,,,,,,,,,,,,,,,
2025-07-29,2.316,2.351,2.279,2.348,8292945397.0,19471.84,3.09,0.69,0.016,0.0,513090,香港证券ETF,2025-09-06 17:14:18,,,,,,,,,,,,,,,,,,,,,,,,
2025-07-28,2.318,2.369,2.309,2.332,8655722032.0,20185.14,2.61,1.3,0.03,0.0,513090,香港证券ETF,2025-09-06 17:14:18,,,,,,,,,,,,,,,,,,,,,,,,
2025-07-25,2.313,2.333,2.29,2.302,7357363082.0,16936.65,1.86,-0.48,-0.011,0.0,513090,香港证券ETF,2025-09-06 17:14:18,,,,,,,,,,,,,,,,,,,,,,,,
2025-07-24,2.239,2.315,2.233,2.313,11028783272.0,25509.58,3.66,3.21,0.072,0.0,513090,香港证券ETF,2025-09-06 17:14:18,,,,,,,,,,,,,,,,,,,,,,,,
2025-07-23,2.199,2.281,2.19,2.241,11688919944.0,26194.87,4.18,2.89,0.063,0.0,513090,香港证券ETF,2025-09-06 17:14:18,,,,,,,,,,,,,,,,,,,,,,,,
2025-07-22,2.193,2.2,2.156,2.178,6743017474.0,14686.29,2.01,-0.73,-0.016,0.0,513090,香港证券ETF,2025-09-06 17:14:18,,,,,,,,,,,,,,,,,,,,,,,,
2025-07-21,2.148,2.195,2.133,2.194,8592103374.0,18851.07,2.92,3.3,0.07,0.0,513090,香港证券ETF,2025-09-06 17:14:18,,,,,,,,,,,,,,,,,,,,,,,,
2025-07-18,2.101,2.127,2.095,2.124,6605597300.0,14030.29,1.53,1.53,0.032,0.0,513090,香港证券ETF,2025-09-06 17:14:18,,,,,,,,,,,,,,,,,,,,,,,,
2025-07-17,2.079,2.102,2.069,2.092,5210720534.0,10900.83,1.59,1.06,0.022,0.0,513090,香港证券ETF,2025-09-06 17:14:18,,,,,,,,,,,,,,,,,,,,,,,,
2025-07-16,2.075,2.093,2.052,2.07,5902254571.0,12217.67,1.98,0.1,0.002,0.0,513090,香港证券ETF,2025-09-06 17:14:18,,,,,,,,,,,,,,,,,,,,,,,,
2025-07-15,2.124,2.135,2.062,2.068,6476906300.0,13394.24,3.48,-1.34,-0.028,0.0,513090,香港证券ETF,2025-09-06 17:14:18,,,,,,,,,,,,,,,,,,,,,,,,
2025-07-14,2.122,2.136,2.078,2.096,6585304405.0,13802.8,2.75,-0.52,-0.011,0.0,513090,香港证券ETF,2025-09-06 17:14:18,,,,,,,,,,,,,,,,,,,,,,,,
2025-07-11,2.024,2.177,2.022,2.107,17974196565.0,37871.63,7.7,4.62,0.093,0.0,513090,香港证券ETF,2025-09-06 17:14:18,,,,,,,,,,,,,,,,,,,,,,,,
2025-07-10,1.936,2.038,1.935,2.014,10387728800.0,20920.89,5.31,3.87,0.075,0.0,513090,香港证券ETF,2025-09-06 17:14:18,,,,,,,,,,,,,,,,,,,,,,,,
2025-07-09,1.964,1.971,1.934,1.939,5611238990.0,10880.19,1.9,-0.67,-0.013,0.0,513090,香港证券ETF,2025-09-06 17:14:18,,,,,,,,,,,,,,,,,,,,,,,,
2025-07-08,1.889,1.953,1.886,1.952,8164063800.0,15936.25,3.56,3.72,0.07,0.0,513090,香港证券ETF,2025-09-06 17:14:18,,,,,,,,,,,,,,,,,,,,,,,,
2025-07-07,1.861,1.893,1.861,1.882,4621878700.0,8698.38,1.71,0.8,0.015,0.0,513090,香港证券ETF,2025-09-06 17:14:18,,,,,,,,,,,,,,,,,,,,,,,,
2025-07-04,1.851,1.927,1.835,1.867,10572425416.0,19738.72,4.96,0.7,0.013,0.0,513090,香港证券ETF,2025-09-06 17:14:18,,,,,,,,,,,,,,,,,,,,,,,,
2025-07-03,1.831,1.856,1.816,1.854,4905594898.0,9094.97,2.2,1.87,0.034,0.0,513090,香港证券ETF,2025-09-06 17:14:18,,,,,,,,,,,,,,,,,,,,,,,,
2025-07-02,1.846,1.85,1.811,1.82,2614064531.0,4757.6,2.13,-0.76,-0.014,0.0,513090,香港证券ETF,2025-09-06 17:14:18,,,,,,,,,,,,,,,,,,,,,,,,
2025-07-01,1.842,1.844,1.828,1.834,1304398810.0,2392.27,0.87,-0.49,-0.009,0.0,513090,香港证券ETF,2025-09-06 17:14:18,,,,,,,,,,,,,,,,,,,,,,,,
2025-06-30,1.854,1.863,1.825,1.843,4219110197.0,7775.82,2.07,0.44,0.008,0.0,513090,香港证券ETF,2025-09-06 17:14:18,,,,,,,,,,,,,,,,,,,,,,,,
2025-06-27,1.867,1.914,1.828,1.835,11053458250.0,20283.1,4.69,0.0,0.0,0.0,513090,香港证券ETF,2025-09-06 17:14:18,,,,,,,,,,,,,,,,,,,,,,,,
2025-06-26,1.91,1.943,1.829,1.835,12080740100.0,22168.16,6.08,-2.13,-0.04,0.0,513090,香港证券ETF,2025-09-06 17:14:18,,,,,,,,,,,,,,,,,,,,,,,,
2025-06-25,1.747,1.89,1.742,1.875,14801598924.0,27753.0,8.56,8.51,0.147,0.0,513090,香港证券ETF,2025-09-06 17:14:18,,,,,,,,,,,,,,,,,,,,,,,,
2025-06-24,1.665,1.736,1.656,1.728,5826331600.0,10067.9,4.84,4.47,0.074,0.0,513090,香港证券ETF,2025-09-06 17:14:18,,,,,,,,,,,,,,,,,,,,,,,,
2025-06-23,1.597,1.659,1.596,1.654,2869902500.0,4746.82,3.92,2.99,0.048,0.0,513090,香港证券ETF,2025-09-06 17:14:18,,,,,,,,,,,,,,,,,,,,,,,,
2025-06-20,1.61,1.628,1.604,1.606,2241511000.0,3599.87,1.5,0.31,0.005,0.0,513090,香港证券ETF,2025-09-06 17:14:18,,,,,,,,,,,,,,,,,,,,,,,,
2025-06-19,1.673,1.673,1.599,1.601,2181286188.0,3492.24,4.43,-4.13,-0.069,0.0,513090,香港证券ETF,2025-09-06 17:14:18,,,,,,,,,,,,,,,,,,,,,,,,
2025-06-18,1.71,1.715,1.663,1.67,2313301200.0,3863.21,3.03,-2.85,-0.049,0.0,513090,香港证券ETF,2025-09-06 17:14:18,,,,,,,,,,,,,,,,,,,,,,,,
2025-06-17,1.715,1.727,1.702,1.719,2746167100.0,4720.66,1.46,0.53,0.009,0.0,513090,香港证券ETF,2025-09-06 17:14:18,,,,,,,,,,,,,,,,,,,,,,,,
2025-06-16,1.663,1.711,1.661,1.71,3157696657.0,5399.66,3.01,2.83,0.047,0.0,513090,香港证券ETF,2025-09-06 17:14:18,,,,,,,,,,,,,,,,,,,,,,,,
2025-06-13,1.68,1.695,1.656,1.663,2286017800.0,3801.65,2.3,-1.95,-0.033,0.0,513090,香港证券ETF,2025-09-06 17:14:18,,,,,,,,,,,,,,,,,,,,,,,,
2025-06-12,1.686,1.72,1.673,1.696,3750545655.0,6360.93,2.78,0.18,0.003,0.0,513090,香港证券ETF,2025-09-06 17:14:18,,,,,,,,,,,,,,,,,,,,,,,,
2025-06-11,1.651,1.714,1.651,1.693,4610978800.0,7806.39,3.84,3.11,0.051,0.0,513090,香港证券ETF,2025-09-06 17:14:18,,,,,,,,,,,,,,,,,,,,,,,,
2025-06-10,1.654,1.672,1.624,1.642,2406103529.0,3950.82,2.9,-0.67,-0.011,0.0,513090,香港证券ETF,2025-09-06 17:14:18,,,,,,,,,,,,,,,,,,,,,,,,
2025-06-09,1.628,1.667,1.628,1.653,3045817400.0,5034.74,2.42,2.48,0.04,0.0,513090,香港证券ETF,2025-09-06 17:14:18,,,,,,,,,,,,,,,,,,,,,,,,
2025-06-06,1.625,1.629,1.608,1.613,1135709800.0,1831.9,1.3,-0.37,-0.006,0.0,513090,香港证券ETF,2025-09-06 17:14:18,,,,,,,,,,,,,,,,,,,,,,,,
2025-06-05,1.607,1.632,1.604,1.619,2913439200.0,4716.86,1.75,1.44,0.023,0.0,513090,香港证券ETF,2025-09-06 17:14:18,,,,,,,,,,,,,,,,,,,,,,,,
2025-06-04,1.563,1.603,1.561,1.596,2553882780.0,4076.0,2.69,2.18,0.034,0.0,513090,香港证券ETF,2025-09-06 17:14:18,,,,,,,,,,,,,,,,,,,,,,,,
2025-06-03,1.544,1.571,1.541,1.562,2031025180.0,3172.46,1.93,0.71,0.011,0.0,513090,香港证券ETF,2025-09-06 17:14:18,,,,,,,,,,,,,,,,,,,,,,,,
2025-05-30,1.549,1.554,1.538,1.551,932101500.0,1445.69,1.03,-0.58,-0.009,0.0,513090,香港证券ETF,2025-09-06 17:14:18,,,,,,,,,,,,,,,,,,,,,,,,
2025-05-29,1.533,1.562,1.53,1.56,2172662300.0,3389.35,2.1,2.5,0.038,0.0,513090,香港证券ETF,2025-09-06 17:14:18,,,,,,,,,,,,,,,,,,,,,,,,
2025-05-28,1.531,1.535,1.519,1.522,754339341.0,1148.1,1.05,-0.39,-0.006,0.0,513090,香港证券ETF,2025-09-06 17:14:18,,,,,,,,,,,,,,,,,,,,,,,,
2025-05-27,1.519,1.529,1.515,1.528,1207824800.0,1845.56,0.92,0.53,0.008,0.0,513090,香港证券ETF,2025-09-06 17:14:18,,,,,,,,,,,,,,,,,,,,,,,,
2025-05-26,1.528,1.542,1.516,1.52,1082446341.0,1645.32,1.7,-0.33,-0.005,0.0,513090,香港证券ETF,2025-09-06 17:14:18,,,,,,,,,,,,,,,,,,,,,,,,
2025-05-23,1.527,1.548,1.524,1.525,1742152700.0,2656.78,1.57,-0.26,-0.004,0.0,513090,香港证券ETF,2025-09-06 17:14:18,,,,,,,,,,,,,,,,,,,,,,,,
2025-05-22,1.541,1.544,1.529,1.529,1019923200.0,1559.46,0.97,-1.04,-0.016,0.0,513090,香港证券ETF,2025-09-06 17:14:18,,,,,,,,,,,,,,,,,,,,,,,,
2025-05-21,1.539,1.55,1.536,1.545,1427952113.0,2206.19,0.91,0.39,0.006,0.0,513090,香港证券ETF,2025-09-06 17:14:18,,,,,,,,,,,,,,,,,,,,,,,,
2025-05-20,1.537,1.545,1.525,1.539,1924103899.0,2961.2,1.31,0.46,0.007,0.0,513090,香港证券ETF,2025-09-06 17:14:18,,,,,,,,,,,,,,,,,,,,,,,,
2025-05-19,1.521,1.539,1.518,1.532,1434309087.0,2197.36,1.38,0.52,0.008,0.0,513090,香港证券ETF,2025-09-06 17:14:18,,,,,,,,,,,,,,,,,,,,,,,,
2025-05-16,1.531,1.535,1.519,1.524,1242857400.0,1894.11,1.04,-1.04,-0.016,0.0,513090,香港证券ETF,2025-09-06 17:14:18,,,,,,,,,,,,,,,,,,,,,,,,
2025-05-15,1.556,1.56,1.539,1.54,1666980300.0,2567.15,1.34,-1.47,-0.023,0.0,513090,香港证券ETF,2025-09-06 17:14:18,,,,,,,,,,,,,,,,,,,,,,,,
2025-05-14,1.522,1.593,1.518,1.563,6691091600.0,10458.18,4.94,2.9,0.044,0.0,513090,香港证券ETF,2025-09-06 17:14:18,,,,,,,,,,,,,,,,,,,,,,,,
2025-05-13,1.549,1.55,1.516,1.519,1439733600.0,2186.96,2.21,-1.17,-0.018,0.0,513090,香港证券ETF,2025-09-06 17:14:18,,,,,,,,,,,,,,,,,,,,,,,,
2025-05-12,1.51,1.538,1.499,1.537,2698556900.0,4147.68,2.62,3.09,0.046,0.0,513090,香港证券ETF,2025-09-06 17:14:18,,,,,,,,,,,,,,,,,,,,,,,,
2025-05-09,1.507,1.508,1.49,1.491,931029400.0,1388.16,1.19,-1.06,-0.016,0.0,513090,香港证券ETF,2025-09-06 17:14:18,,,,,,,,,,,,,,,,,,,,,,,,
2025-05-08,1.497,1.522,1.497,1.507,1846838700.0,2783.19,1.66,0.2,0.003,0.0,513090,香港证券ETF,2025-09-06 17:14:18,,,,,,,,,,,,,,,,,,,,,,,,
2025-05-07,1.55,1.563,1.495,1.504,3227856760.0,4854.7,4.59,1.42,0.021,0.0,513090,香港证券ETF,2025-09-06 17:14:18,,,,,,,,,,,,,,,,,,,,,,,,
2025-05-06,1.469,1.484,1.462,1.483,1965245141.0,2914.46,1.52,2.7,0.039,0.0,513090,香港证券ETF,2025-09-06 17:14:18,,,,,,,,,,,,,,,,,,,,,,,,
2025-04-30,1.449,1.459,1.443,1.444,1506982100.0,2176.08,1.11,0.07,0.001,0.0,513090,香港证券ETF,2025-09-06 17:14:18,,,,,,,,,,,,,,,,,,,,,,,,
2025-04-29,1.45,1.458,1.441,1.443,1004856000.0,1450.01,1.17,-0.48,-0.007,0.0,513090,香港证券ETF,2025-09-06 17:14:18,,,,,,,,,,,,,,,,,,,,,,,,
2025-04-28,1.461,1.462,1.435,1.45,1133524760.0,1643.61,1.85,-0.62,-0.009,0.0,513090,香港证券ETF,2025-09-06 17:14:18,,,,,,,,,,,,,,,,,,,,,,,,
2025-04-25,1.449,1.481,1.449,1.459,3118728904.0,4550.23,2.23,1.67,0.024,0.0,513090,香港证券ETF,2025-09-06 17:14:18,,,,,,,,,,,,,,,,,,,,,,,,
2025-04-24,1.452,1.459,1.432,1.435,1502957100.0,2156.74,1.86,-1.24,-0.018,0.0,513090,香港证券ETF,2025-09-06 17:14:18,,,,,,,,,,,,,,,,,,,,,,,,
2025-04-23,1.46,1.472,1.447,1.453,1776252500.0,2580.89,1.74,1.11,0.016,0.0,513090,香港证券ETF,2025-09-06 17:14:18,,,,,,,,,,,,,,,,,,,,,,,,
2025-04-22,1.426,1.445,1.423,1.437,1874345200.0,2693.43,1.54,0.91,0.013,0.0,513090,香港证券ETF,2025-09-06 17:14:18,,,,,,,,,,,,,,,,,,,,,,,,
2025-04-21,1.415,1.426,1.414,1.424,674908849.0,961.07,0.85,0.42,0.006,0.0,513090,香港证券ETF,2025-09-06 17:14:18,,,,,,,,,,,,,,,,,,,,,,,,
2025-04-18,1.414,1.426,1.41,1.418,1157518900.0,1641.36,1.13,0.07,0.001,0.0,513090,香港证券ETF,2025-09-06 17:14:18,,,,,,,,,,,,,,,,,,,,,,,,
2025-04-17,1.411,1.428,1.406,1.417,1825135360.0,2586.22,1.56,0.28,0.004,0.0,513090,香港证券ETF,2025-09-06 17:14:18,,,,,,,,,,,,,,,,,,,,,,,,
2025-04-16,1.434,1.439,1.401,1.413,1517376200.0,2144.05,2.64,-1.67,-0.024,0.0,513090,香港证券ETF,2025-09-06 17:14:18,,,,,,,,,,,,,,,,,,,,,,,,
2025-04-15,1.442,1.445,1.43,1.437,1516971600.0,2179.89,1.04,-0.14,-0.002,0.0,513090,香港证券ETF,2025-09-06 17:14:18,,,,,,,,,,,,,,,,,,,,,,,,
2025-04-14,1.433,1.449,1.43,1.439,2255885104.0,3246.22,1.34,1.77,0.025,0.0,513090,香港证券ETF,2025-09-06 17:14:18,,,,,,,,,,,,,,,,,,,,,,,,
2025-04-11,1.369,1.429,1.365,1.414,4298141644.0,6077.57,4.64,2.46,0.034,0.0,513090,香港证券ETF,2025-09-06 17:14:18,,,,,,,,,,,,,,,,,,,,,,,,
2025-04-10,1.406,1.426,1.379,1.38,4778812431.0,6594.76,3.51,3.06,0.041,0.0,513090,香港证券ETF,2025-09-06 17:14:18,,,,,,,,,,,,,,,,,,,,,,,,
2025-04-09,1.28,1.353,1.273,1.339,6970390310.0,9333.35,6.08,1.83,0.024,0.0,513090,香港证券ETF,2025-09-06 17:14:18,,,,,,,,,,,,,,,,,,,,,,,,
2025-04-08,1.348,1.37,1.295,1.315,3906022200.0,5136.42,5.41,-5.19,-0.072,0.0,513090,香港证券ETF,2025-09-06 17:14:18,,,,,,,,,,,,,,,,,,,,,,,,
2025-04-07,1.43,1.442,1.387,1.387,864653924.0,1199.27,3.57,-9.99,-0.154,0.0,513090,香港证券ETF,2025-09-06 17:14:18,,,,,,,,,,,,,,,,,,,,,,,,
2025-04-03,1.536,1.562,1.533,1.541,2104232300.0,3242.62,1.86,-1.03,-0.016,0.0,513090,香港证券ETF,2025-09-06 17:14:18,,,,,,,,,,,,,,,,,,,,,,,,
2025-04-02,1.536,1.564,1.536,1.557,1895127100.0,2950.71,1.81,0.91,0.014,0.0,513090,香港证券ETF,2025-09-06 17:14:18,,,,,,,,,,,,,,,,,,,,,,,,
2025-04-01,1.538,1.553,1.534,1.543,1793980700.0,2768.11,1.24,0.72,0.011,0.0,513090,香港证券ETF,2025-09-06 17:14:18,,,,,,,,,,,,,,,,,,,,,,,,
2025-03-31,1.566,1.569,1.523,1.532,1983108200.0,3038.12,2.92,-2.85,-0.045,0.0,513090,香港证券ETF,2025-09-06 17:14:18,,,,,,,,,,,,,,,,,,,,,,,,
2025-03-28,1.606,1.608,1.57,1.577,2435311500.0,3840.49,2.37,-1.5,-0.024,0.0,513090,香港证券ETF,2025-09-06 17:14:18,,,,,,,,,,,,,,,,,,,,,,,,
2025-03-27,1.597,1.615,1.582,1.601,2260788700.0,3619.52,2.07,0.57,0.009,0.0,513090,香港证券ETF,2025-09-06 17:14:18,,,,,,,,,,,,,,,,,,,,,,,,
2025-03-26,1.591,1.602,1.586,1.592,1541252000.0,2453.67,1.01,0.06,0.001,0.0,513090,香港证券ETF,2025-09-06 17:14:18,,,,,,,,,,,,,,,,,,,,,,,,
2025-03-25,1.601,1.613,1.586,1.591,1693732400.0,2694.73,1.68,-0.87,-0.014,0.0,513090,香港证券ETF,2025-09-06 17:14:18,,,,,,,,,,,,,,,,,,,,,,,,
2025-03-24,1.613,1.621,1.593,1.605,1858864300.0,2983.48,1.73,-0.68,-0.011,0.0,513090,香港证券ETF,2025-09-06 17:14:18,,,,,,,,,,,,,,,,,,,,,,,,
2025-03-21,1.646,1.664,1.606,1.616,2822291300.0,4560.82,3.51,-2.3,-0.038,0.0,513090,香港证券ETF,2025-09-06 17:14:18,,,,,,,,,,,,,,,,,,,,,,,,
2025-03-20,1.682,1.685,1.653,1.654,1992126100.0,3294.98,1.9,-1.66,-0.028,0.0,513090,香港证券ETF,2025-09-06 17:14:18,,,,,,,,,,,,,,,,,,,,,,,,
2025-03-19,1.678,1.7,1.671,1.682,2784167700.0,4682.97,1.73,0.24,0.004,0.0,513090,香港证券ETF,2025-09-06 17:14:18,,,,,,,,,,,,,,,,,,,,,,,,
2025-03-18,1.682,1.687,1.671,1.678,2266428500.0,3803.07,0.96,0.78,0.013,0.0,513090,香港证券ETF,2025-09-06 17:14:18,,,,,,,,,,,,,,,,,,,,,,,,
2025-03-17,1.679,1.681,1.658,1.665,2294331600.0,3820.06,1.38,-0.18,-0.003,0.0,513090,香港证券ETF,2025-09-06 17:14:18,,,,,,,,,,,,,,,,,,,,,,,,
2025-03-14,1.618,1.703,1.615,1.668,8830739100.0,14729.67,5.5,4.18,0.067,0.0,513090,香港证券ETF,2025-09-06 17:14:18,,,,,,,,,,,,,,,,,,,,,,,,
2025-03-13,1.62,1.638,1.594,1.601,3152746200.0,5047.55,2.72,-0.87,-0.014,0.0,513090,香港证券ETF,2025-09-06 17:14:18,,,,,,,,,,,,,,,,,,,,,,,,
2025-03-12,1.608,1.663,1.6,1.615,5832416375.0,9419.35,3.95,1.25,0.02,0.0,513090,香港证券ETF,2025-09-06 17:14:18,,,,,,,,,,,,,,,,,,,,,,,,
2025-03-11,1.588,1.6,1.582,1.595,2655432400.0,4235.41,1.12,-1.12,-0.018,0.0,513090,香港证券ETF,2025-09-06 17:14:18,,,,,,,,,,,,,,,,,,,,,,,,
2025-03-10,1.622,1.633,1.595,1.613,2342273500.0,3778.09,2.34,-0.62,-0.01,0.0,513090,香港证券ETF,2025-09-06 17:14:18,,,,,,,,,,,,,,,,,,,,,,,,
2025-03-07,1.646,1.657,1.622,1.623,3414541600.0,5541.8,2.11,-2.17,-0.036,0.0,513090,香港证券ETF,2025-09-06 17:14:18,,,,,,,,,,,,,,,,,,,,,,,,
2025-03-06,1.64,1.673,1.63,1.659,6068771200.0,10068.09,2.67,3.04,0.049,0.0,513090,香港证券ETF,2025-09-06 17:14:18,,,,,,,,,,,,,,,,,,,,,,,,
2025-03-05,1.591,1.619,1.577,1.61,5316673357.0,8559.84,2.65,1.71,0.027,0.0,513090,香港证券ETF,2025-09-06 17:14:18,,,,,,,,,,,,,,,,,,,,,,,,
2025-03-04,1.563,1.589,1.56,1.583,3124940000.0,4946.78,1.85,1.09,0.017,0.0,513090,香港证券ETF,2025-09-06 17:14:18,,,,,,,,,,,,,,,,,,,,,,,,
2025-03-03,1.57,1.599,1.56,1.566,3319745500.0,5198.72,2.49,0.06,0.001,0.0,513090,香港证券ETF,2025-09-06 17:14:18,,,,,,,,,,,,,,,,,,,,,,,,
2025-02-28,1.641,1.663,1.562,1.565,4008744900.0,6273.69,6.11,-5.27,-0.087,0.0,513090,香港证券ETF,2025-09-06 17:14:18,,,,,,,,,,,,,,,,,,,,,,,,
2025-02-27,1.626,1.706,1.606,1.652,8108326744.0,13394.96,6.03,-0.42,-0.007,0.0,513090,香港证券ETF,2025-09-06 17:14:18,,,,,,,,,,,,,,,,,,,,,,,,
2025-02-26,1.555,1.669,1.555,1.659,5977171828.0,9916.13,7.36,7.17,0.111,0.0,513090,香港证券ETF,2025-09-06 17:14:18,,,,,,,,,,,,,,,,,,,,,,,,
2025-02-25,1.561,1.574,1.543,1.548,2586011500.0,4003.15,1.94,-3.01,-0.048,0.0,513090,香港证券ETF,2025-09-06 17:14:18,,,,,,,,,,,,,,,,,,,,,,,,
2025-02-24,1.579,1.615,1.577,1.596,3800248758.0,6065.2,2.4,0.95,0.015,0.0,513090,香港证券ETF,2025-09-06 17:14:18,,,,,,,,,,,,,,,,,,,,,,,,
2025-02-21,1.555,1.59,1.533,1.581,5300496600.0,8380.09,3.69,2.26,0.035,0.0,513090,香港证券ETF,2025-09-06 17:14:18,,,,,,,,,,,,,,,,,,,,,,,,
2025-02-20,1.555,1.556,1.538,1.546,2426100600.0,3750.75,1.15,-1.09,-0.017,0.0,513090,香港证券ETF,2025-09-06 17:14:18,,,,,,,,,,,,,,,,,,,,,,,,
2025-02-19,1.534,1.569,1.533,1.563,3517684737.0,5498.14,2.34,1.63,0.025,0.0,513090,香港证券ETF,2025-09-06 17:14:18,,,,,,,,,,,,,,,,,,,,,,,,
2025-02-18,1.558,1.571,1.533,1.538,2922686350.0,4495.09,2.43,-1.6,-0.025,0.0,513090,香港证券ETF,2025-09-06 17:14:18,,,,,,,,,,,,,,,,,,,,,,,,
2025-02-17,1.554,1.58,1.541,1.563,3797579654.0,5935.62,2.54,1.76,0.027,0.0,513090,香港证券ETF,2025-09-06 17:14:18,,,,,,,,,,,,,,,,,,,,,,,,
2025-02-14,1.527,1.539,1.518,1.536,3618384515.0,5557.84,1.36,-0.19,-0.003,0.0,513090,香港证券ETF,2025-09-06 17:14:18,,,,,,,,,,,,,,,,,,,,,,,,
2025-02-13,1.556,1.573,1.536,1.539,5038584700.0,7754.38,2.4,-0.19,-0.003,0.0,513090,香港证券ETF,2025-09-06 17:14:18,,,,,,,,,,,,,,,,,,,,,,,,
2025-02-12,1.509,1.546,1.508,1.542,3525894800.0,5436.93,2.51,2.05,0.031,0.0,513090,香港证券ETF,2025-09-06 17:14:18,,,,,,,,,,,,,,,,,,,,,,,,
2025-02-11,1.532,1.533,1.503,1.511,2159844700.0,3263.53,1.96,-1.24,-0.019,0.0,513090,香港证券ETF,2025-09-06 17:14:18,,,,,,,,,,,,,,,,,,,,,,,,
2025-02-10,1.529,1.542,1.522,1.53,2305022700.0,3526.68,1.31,0.39,0.006,0.0,513090,香港证券ETF,2025-09-06 17:14:18,,,,,,,,,,,,,,,,,,,,,,,,
2025-02-07,1.486,1.544,1.482,1.524,5044579318.0,7687.94,4.18,2.7,0.04,0.0,513090,香港证券ETF,2025-09-06 17:14:18,,,,,,,,,,,,,,,,,,,,,,,,
2025-02-06,1.466,1.487,1.462,1.484,2390776356.0,3547.91,1.7,1.02,0.015,0.0,513090,香港证券ETF,2025-09-06 17:14:18,,,,,,,,,,,,,,,,,,,,,,,,
2025-02-05,1.496,1.497,1.467,1.469,1797246900.0,2640.16,2.04,-0.27,-0.004,0.0,513090,香港证券ETF,2025-09-06 17:14:18,,,,,,,,,,,,,,,,,,,,,,,,
2025-01-27,1.483,1.488,1.472,1.473,1622615600.0,2390.11,1.08,-0.41,-0.006,0.0,513090,香港证券ETF,2025-09-06 17:14:18,,,,,,,,,,,,,,,,,,,,,,,,
2025-01-24,1.458,1.486,1.454,1.479,3739155593.0,5530.21,2.21,2.14,0.031,0.0,513090,香港证券ETF,2025-09-06 17:14:18,,,,,,,,,,,,,,,,,,,,,,,,
2025-01-23,1.46,1.507,1.446,1.448,5694006252.0,8244.92,4.26,1.19,0.017,0.0,513090,香港证券ETF,2025-09-06 17:14:18,,,,,,,,,,,,,,,,,,,,,,,,
2025-01-22,1.447,1.455,1.428,1.431,1853642420.0,2652.56,1.86,-1.58,-0.023,0.0,513090,香港证券ETF,2025-09-06 17:14:18,,,,,,,,,,,,,,,,,,,,,,,,
2025-01-21,1.459,1.463,1.445,1.454,2309735700.0,3358.36,1.25,0.62,0.009,0.0,513090,香港证券ETF,2025-09-06 17:14:18,,,,,,,,,,,,,,,,,,,,,,,,
2025-01-20,1.45,1.464,1.441,1.445,2748093693.0,3971.0,1.61,1.19,0.017,0.0,513090,香港证券ETF,2025-09-06 17:14:18,,,,,,,,,,,,,,,,,,,,,,,,
2025-01-17,1.42,1.434,1.415,1.428,2692057800.0,3844.26,1.33,0.28,0.004,0.0,513090,香港证券ETF,2025-09-06 17:14:18,,,,,,,,,,,,,,,,,,,,,,,,
2025-01-16,1.427,1.452,1.415,1.424,3458980600.0,4925.59,2.62,0.85,0.012,0.0,513090,香港证券ETF,2025-09-06 17:14:18,,,,,,,,,,,,,,,,,,,,,,,,
2025-01-15,1.42,1.423,1.411,1.412,1856806100.0,2621.81,0.84,-0.84,-0.012,0.0,513090,香港证券ETF,2025-09-06 17:14:18,,,,,,,,,,,,,,,,,,,,,,,,
2025-01-14,1.366,1.431,1.365,1.424,7517149101.0,10704.42,4.86,4.86,0.066,0.0,513090,香港证券ETF,2025-09-06 17:14:18,,,,,,,,,,,,,,,,,,,,,,,,
2025-01-13,1.352,1.368,1.339,1.358,2461254300.0,3342.38,2.13,-0.37,-0.005,0.0,513090,香港证券ETF,2025-09-06 17:14:18,,,,,,,,,,,,,,,,,,,,,,,,
2025-01-10,1.392,1.397,1.362,1.363,2402449300.0,3274.54,2.52,-1.8,-0.025,0.0,513090,香港证券ETF,2025-09-06 17:14:18,,,,,,,,,,,,,,,,,,,,,,,,
2025-01-09,1.383,1.401,1.382,1.388,2234148700.0,3101.0,1.37,0.14,0.002,0.0,513090,香港证券ETF,2025-09-06 17:14:18,,,,,,,,,,,,,,,,,,,,,,,,
2025-01-08,1.405,1.408,1.371,1.386,3515036600.0,4871.84,2.62,-1.77,-0.025,0.0,513090,香港证券ETF,2025-09-06 17:14:18,,,,,,,,,,,,,,,,,,,,,,,,
2025-01-07,1.412,1.42,1.391,1.411,3399332900.0,4796.46,2.06,0.21,0.003,0.0,513090,香港证券ETF,2025-09-06 17:14:18,,,,,,,,,,,,,,,,,,,,,,,,
2025-01-06,1.408,1.425,1.406,1.408,3393354240.0,4777.84,1.35,0.21,0.003,0.0,513090,香港证券ETF,2025-09-06 17:14:18,,,,,,,,,,,,,,,,,,,,,,,,
2025-01-03,1.43,1.437,1.401,1.405,4303486100.0,6046.4,2.53,-1.4,-0.02,0.0,513090,香港证券ETF,2025-09-06 17:14:18,,,,,,,,,,,,,,,,,,,,,,,,
2025-01-02,1.485,1.489,1.417,1.425,4057738410.0,5782.28,4.86,-3.85,-0.057,0.0,513090,香港证券ETF,2025-09-06 17:14:18,,,,,,,,,,,,,,,,,,,,,,,,
2024-12-31,1.521,1.524,1.48,1.482,3324243302.0,4926.53,2.9,-2.44,-0.037,0.0,513090,香港证券ETF,2025-09-06 17:14:18,,,,,,,,,,,,,,,,,,,,,,,,
2024-12-30,1.525,1.528,1.515,1.519,3108989700.0,4722.56,0.85,-0.26,-0.004,0.0,513090,香港证券ETF,2025-09-06 17:14:18,,,,,,,,,,,,,,,,,,,,,,,,
2024-12-27,1.523,1.547,1.506,1.523,5742431200.0,8745.72,2.68,-0.33,-0.005,0.0,513090,香港证券ETF,2025-09-06 17:14:18,,,,,,,,,,,,,,,,,,,,,,,,
2024-12-26,1.523,1.53,1.522,1.528,1064610000.0,1626.72,0.53,0.33,0.005,0.0,513090,香港证券ETF,2025-09-06 17:14:18,,,,,,,,,,,,,,,,,,,,,,,,
2024-12-25,1.522,1.527,1.52,1.523,1258544900.0,1916.76,0.46,-0.07,-0.001,0.0,513090,香港证券ETF,2025-09-06 17:14:18,,,,,,,,,,,,,,,,,,,,,,,,
2024-12-24,1.509,1.527,1.508,1.524,3068190501.0,4675.92,1.26,1.33,0.02,0.0,513090,香港证券ETF,2025-09-06 17:14:18,,,,,,,,,,,,,,,,,,,,,,,,
2024-12-23,1.515,1.522,1.503,1.504,2634954700.0,3962.97,1.25,-0.66,-0.01,0.0,513090,香港证券ETF,2025-09-06 17:14:18,,,,,,,,,,,,,,,,,,,,,,,,
2024-12-20,1.512,1.53,1.512,1.514,3315680800.0,5019.94,1.19,-0.26,-0.004,0.0,513090,香港证券ETF,2025-09-06 17:14:18,,,,,,,,,,,,,,,,,,,,,,,,
2024-12-19,1.503,1.522,1.501,1.518,3099202802.0,4704.59,1.38,-0.26,-0.004,0.0,513090,香港证券ETF,2025-09-06 17:14:18,,,,,,,,,,,,,,,,,,,,,,,,
2024-12-18,1.529,1.533,1.518,1.522,2803138466.0,4266.38,0.99,0.26,0.004,0.0,513090,香港证券ETF,2025-09-06 17:14:18,,,,,,,,,,,,,,,,,,,,,,,,
2024-12-17,1.517,1.542,1.511,1.518,4858801310.0,7375.66,2.04,0.0,0.0,0.0,513090,香港证券ETF,2025-09-06 17:14:18,,,,,,,,,,,,,,,,,,,,,,,,
2024-12-16,1.555,1.556,1.514,1.518,3295586880.0,5002.7,2.71,-2.13,-0.033,0.0,513090,香港证券ETF,2025-09-06 17:14:18,,,,,,,,,,,,,,,,,,,,,,,,
2024-12-13,1.592,1.596,1.548,1.551,5066044302.0,7857.43,2.97,-3.96,-0.064,0.0,513090,香港证券ETF,2025-09-06 17:14:18,,,,,,,,,,,,,,,,,,,,,,,,
2024-12-12,1.593,1.645,1.582,1.615,8098534023.0,13079.13,3.96,1.44,0.023,0.0,513090,香港证券ETF,2025-09-06 17:14:18,,,,,,,,,,,,,,,,,,,,,,,,
2024-12-11,1.611,1.619,1.586,1.592,3905966210.0,6218.3,2.05,-1.06,-0.017,0.0,513090,香港证券ETF,2025-09-06 17:14:18,,,,,,,,,,,,,,,,,,,,,,,,
2024-12-10,1.716,1.722,1.607,1.609,8051951382.0,12955.59,7.34,2.68,0.042,0.0,513090,香港证券ETF,2025-09-06 17:14:18,,,,,,,,,,,,,,,,,,,,,,,,
2024-12-09,1.58,1.589,1.557,1.567,3281888681.0,5142.72,2.02,-0.89,-0.014,0.0,513090,香港证券ETF,2025-09-06 17:14:18,,,,,,,,,,,,,,,,,,,,,,,,
2024-12-06,1.559,1.599,1.546,1.581,7677920800.0,12138.79,3.42,2.13,0.033,0.0,513090,香港证券ETF,2025-09-06 17:14:18,,,,,,,,,,,,,,,,,,,,,,,,
2024-12-05,1.538,1.567,1.536,1.548,4782347197.0,7403.07,2.01,0.45,0.007,0.0,513090,香港证券ETF,2025-09-06 17:14:18,,,,,,,,,,,,,,,,,,,,,,,,
2024-12-04,1.551,1.562,1.535,1.541,3644880100.0,5616.76,1.74,-0.58,-0.009,0.0,513090,香港证券ETF,2025-09-06 17:14:18,,,,,,,,,,,,,,,,,,,,,,,,
2024-12-03,1.548,1.571,1.539,1.55,5359573700.0,8307.34,2.08,0.71,0.011,0.0,513090,香港证券ETF,2025-09-06 17:14:18,,,,,,,,,,,,,,,,,,,,,,,,
2024-12-02,1.513,1.553,1.513,1.539,6149182101.0,9463.59,2.64,1.65,0.025,0.0,513090,香港证券ETF,2025-09-06 17:14:18,,,,,,,,,,,,,,,,,,,,,,,,
2024-11-29,1.477,1.58,1.471,1.514,9507149600.0,14393.82,7.39,2.71,0.04,0.0,513090,香港证券ETF,2025-09-06 17:14:18,,,,,,,,,,,,,,,,,,,,,,,,
2024-11-28,1.489,1.494,1.472,1.474,3269096700.0,4818.65,1.49,-0.47,-0.007,0.0,513090,香港证券ETF,2025-09-06 17:14:18,,,,,,,,,,,,,,,,,,,,,,,,
2024-11-27,1.45,1.483,1.437,1.481,5353768400.0,7928.93,3.17,2.0,0.029,0.0,513090,香港证券ETF,2025-09-06 17:14:18,,,,,,,,,,,,,,,,,,,,,,,,
2024-11-26,1.448,1.478,1.447,1.452,4221649601.0,6129.84,2.13,-0.41,-0.006,0.0,513090,香港证券ETF,2025-09-06 17:14:18,,,,,,,,,,,,,,,,,,,,,,,,
2024-11-25,1.479,1.484,1.445,1.458,4379460063.0,6385.25,2.67,-0.34,-0.005,0.0,513090,香港证券ETF,2025-09-06 17:14:18,,,,,,,,,,,,,,,,,,,,,,,,
2024-11-22,1.555,1.556,1.461,1.463,5116448200.0,7485.36,6.11,-5.98,-0.093,0.0,513090,香港证券ETF,2025-09-06 17:14:18,,,,,,,,,,,,,,,,,,,,,,,,
2024-11-21,1.556,1.574,1.546,1.556,4660395302.0,7251.58,1.8,0.19,0.003,0.0,513090,香港证券ETF,2025-09-06 17:14:18,,,,,,,,,,,,,,,,,,,,,,,,
2024-11-20,1.543,1.566,1.534,1.553,5389706300.0,8370.21,2.08,0.78,0.012,0.0,513090,香港证券ETF,2025-09-06 17:14:18,,,,,,,,,,,,,,,,,,,,,,,,
2024-11-19,1.537,1.546,1.519,1.541,5866986700.0,9041.03,1.77,1.25,0.019,0.0,513090,香港证券ETF,2025-09-06 17:14:18,,,,,,,,,,,,,,,,,,,,,,,,
2024-11-18,1.531,1.548,1.509,1.522,5963032056.0,9075.73,2.57,0.26,0.004,0.0,513090,香港证券ETF,2025-09-06 17:14:18,,,,,,,,,,,,,,,,,,,,,,,,
2024-11-15,1.585,1.594,1.516,1.518,6168135223.0,9363.23,4.96,-3.56,-0.056,0.0,513090,香港证券ETF,2025-09-06 17:14:18,,,,,,,,,,,,,,,,,,,,,,,,
2024-11-14,1.604,1.639,1.569,1.574,6665727800.0,10491.86,4.36,-1.93,-0.031,0.0,513090,香港证券ETF,2025-09-06 17:14:18,,,,,,,,,,,,,,,,,,,,,,,,
2024-11-13,1.596,1.627,1.566,1.605,7153621140.0,11481.56,3.8,0.06,0.001,0.0,513090,香港证券ETF,2025-09-06 17:14:18,,,,,,,,,,,,,,,,,,,,,,,,
2024-11-12,1.665,1.704,1.591,1.604,7315028800.0,11733.31,6.79,-3.61,-0.06,0.0,513090,香港证券ETF,2025-09-06 17:14:18,,,,,,,,,,,,,,,,,,,,,,,,
2024-11-11,1.655,1.681,1.635,1.664,6359681200.0,10582.51,2.73,-1.25,-0.021,0.0,513090,香港证券ETF,2025-09-06 17:14:18,,,,,,,,,,,,,,,,,,,,,,,,
2024-11-08,1.785,1.799,1.681,1.685,9576155913.0,16135.82,6.79,-2.99,-0.052,0.0,513090,香港证券ETF,2025-09-06 17:14:18,,,,,,,,,,,,,,,,,,,,,,,,
2024-11-07,1.605,1.745,1.6,1.737,13998115458.0,24314.73,9.01,7.89,0.127,0.0,513090,香港证券ETF,2025-09-06 17:14:18,,,,,,,,,,,,,,,,,,,,,,,,
2024-11-06,1.638,1.712,1.605,1.61,11972031076.0,19274.97,6.64,-0.06,-0.001,0.0,513090,香港证券ETF,2025-09-06 17:14:18,,,,,,,,,,,,,,,,,,,,,,,,
2024-11-05,1.527,1.678,1.525,1.611,11908259500.0,19184.21,10.0,5.29,0.081,0.0,513090,香港证券ETF,2025-09-06 17:14:18,,,,,,,,,,,,,,,,,,,,,,,,
2024-11-04,1.48,1.531,1.478,1.53,5737670700.0,8778.64,3.61,4.22,0.062,0.0,513090,香港证券ETF,2025-09-06 17:14:18,,,,,,,,,,,,,,,,,,,,,,,,
2024-11-01,1.475,1.493,1.457,1.468,5263527598.0,7726.86,2.46,0.48,0.007,0.0,513090,香港证券ETF,2025-09-06 17:14:18,,,,,,,,,,,,,,,,,,,,,,,,
2024-10-31,1.441,1.508,1.429,1.461,9152220571.0,13371.39,5.48,1.32,0.019,0.0,513090,香港证券ETF,2025-09-06 17:14:18,,,,,,,,,,,,,,,,,,,,,,,,
2024-10-30,1.461,1.479,1.436,1.442,3716728254.0,5359.52,2.94,-1.37,-0.02,0.0,513090,香港证券ETF,2025-09-06 17:14:18,,,,,,,,,,,,,,,,,,,,,,,,
2024-10-29,1.483,1.506,1.461,1.462,3810544005.0,5571.02,3.07,-0.2,-0.003,0.0,513090,香港证券ETF,2025-09-06 17:14:18,,,,,,,,,,,,,,,,,,,,,,,,
2024-10-28,1.46,1.473,1.451,1.465,3735025900.0,5471.81,1.52,1.1,0.016,0.0,513090,香港证券ETF,2025-09-06 17:14:18,,,,,,,,,,,,,,,,,,,,,,,,
2024-10-25,1.448,1.485,1.44,1.449,5440987698.0,7883.99,3.12,0.35,0.005,0.0,513090,香港证券ETF,2025-09-06 17:14:18,,,,,,,,,,,,,,,,,,,,,,,,
2024-10-24,1.455,1.472,1.438,1.444,4339283884.0,6265.93,2.32,-1.43,-0.021,0.0,513090,香港证券ETF,2025-09-06 17:14:18,,,,,,,,,,,,,,,,,,,,,,,,
2024-10-23,1.464,1.512,1.452,1.465,8183280008.0,11988.51,4.13,0.9,0.013,0.0,513090,香港证券ETF,2025-09-06 17:14:18,,,,,,,,,,,,,,,,,,,,,,,,
2024-10-22,1.448,1.475,1.436,1.452,6612677527.0,9601.61,2.7,0.62,0.009,0.0,513090,香港证券ETF,2025-09-06 17:14:18,,,,,,,,,,,,,,,,,,,,,,,,
2024-10-21,1.465,1.475,1.432,1.443,6872622359.0,9917.19,2.94,-1.23,-0.018,0.0,513090,香港证券ETF,2025-09-06 17:14:18,,,,,,,,,,,,,,,,,,,,,,,,
2024-10-18,1.353,1.48,1.344,1.461,13045395901.0,19059.32,10.11,8.62,0.116,0.0,513090,香港证券ETF,2025-09-06 17:14:18,,,,,,,,,,,,,,,,,,,,,,,,
2024-10-17,1.377,1.41,1.343,1.345,6481097189.0,8717.08,4.97,-0.3,-0.004,0.0,513090,香港证券ETF,2025-09-06 17:14:18,,,,,,,,,,,,,,,,,,,,,,,,
2024-10-16,1.318,1.393,1.316,1.349,7483448885.0,10095.17,5.81,1.73,0.023,0.0,513090,香港证券ETF,2025-09-06 17:14:18,,,,,,,,,,,,,,,,,,,,,,,,
2024-10-15,1.382,1.414,1.323,1.326,5365096383.0,7114.12,6.58,-4.19,-0.058,0.0,513090,香港证券ETF,2025-09-06 17:14:18,,,,,,,,,,,,,,,,,,,,,,,,
2024-10-14,1.423,1.429,1.315,1.384,7314360413.0,10123.07,8.14,-1.14,-0.016,0.0,513090,香港证券ETF,2025-09-06 17:14:18,,,,,,,,,,,,,,,,,,,,,,,,
2024-10-11,1.418,1.478,1.393,1.4,5577407774.0,7808.37,5.92,-2.44,-0.035,0.0,513090,香港证券ETF,2025-09-06 17:14:18,,,,,,,,,,,,,,,,,,,,,,,,
2024-10-10,1.52,1.53,1.417,1.435,10189023918.0,14621.25,8.12,3.16,0.044,0.0,513090,香港证券ETF,2025-09-06 17:14:18,,,,,,,,,,,,,,,,,,,,,,,,
2024-10-09,1.487,1.54,1.357,1.391,12692797263.0,17655.68,13.01,-1.14,-0.016,0.0,513090,香港证券ETF,2025-09-06 17:14:18,,,,,,,,,,,,,,,,,,,,,,,,
2024-10-08,1.407,1.407,1.407,1.407,68144500.0,95.88,0.0,10.01,0.128,0.0,513090,香港证券ETF,2025-09-06 17:14:18,,,,,,,,,,,,,,,,,,,,,,,,
2024-09-30,1.279,1.279,1.239,1.279,897349949.0,1147.71,3.44,9.97,0.116,0.0,513090,香港证券ETF,2025-09-06 17:14:18,,,,,,,,,,,,,,,,,,,,,,,,
2024-09-27,1.1,1.163,1.09,1.163,1983653413.0,2306.99,6.91,10.03,0.106,0.0,513090,香港证券ETF,2025-09-06 17:14:18,,,,,,,,,,,,,,,,,,,,,,,,
2024-09-26,1.005,1.064,0.998,1.057,3828903100.0,4047.15,6.6,5.7,0.057,0.0,513090,香港证券ETF,2025-09-06 17:14:18,,,,,,,,,,,,,,,,,,,,,,,,
2024-09-25,1.015,1.029,0.997,1.0,2569314198.0,2569.31,3.27,2.04,0.02,0.0,513090,香港证券ETF,2025-09-06 17:14:18,,,,,,,,,,,,,,,,,,,,,,,,
2024-09-24,0.937,0.984,0.934,0.98,3397998921.0,3330.04,5.43,6.41,0.059,0.0,513090,香港证券ETF,2025-09-06 17:14:18,,,,,,,,,,,,,,,,,,,,,,,,
2024-09-23,0.92,0.931,0.917,0.921,751847300.0,692.45,1.53,0.55,0.005,0.0,513090,香港证券ETF,2025-09-06 17:14:18,,,,,,,,,,,,,,,,,,,,,,,,
2024-09-20,0.92,0.922,0.912,0.916,648945300.0,594.43,1.09,-0.22,-0.002,0.0,513090,香港证券ETF,2025-09-06 17:14:18,,,,,,,,,,,,,,,,,,,,,,,,
2024-09-19,0.905,0.923,0.903,0.918,1374861400.0,1262.12,2.22,1.89,0.017,0.0,513090,香港证券ETF,2025-09-06 17:14:18,,,,,,,,,,,,,,,,,,,,,,,,
2024-09-18,0.903,0.904,0.895,0.901,475146800.0,428.11,1.0,-0.33,-0.003,0.0,513090,香港证券ETF,2025-09-06 17:14:18,,,,,,,,,,,,,,,,,,,,,,,,
2024-09-13,0.902,0.914,0.901,0.904,822683300.0,743.71,1.44,0.33,0.003,0.0,513090,香港证券ETF,2025-09-06 17:14:18,,,,,,,,,,,,,,,,,,,,,,,,
2024-09-12,0.9,0.907,0.897,0.901,713538600.0,642.9,1.11,0.45,0.004,0.0,513090,香港证券ETF,2025-09-06 17:14:18,,,,,,,,,,,,,,,,,,,,,,,,
2024-09-11,0.899,0.904,0.894,0.897,529800040.0,475.23,1.11,-0.55,-0.005,0.0,513090,香港证券ETF,2025-09-06 17:14:18,,,,,,,,,,,,,,,,,,,,,,,,
2024-09-10,0.909,0.91,0.896,0.902,576613200.0,520.11,1.55,-0.44,-0.004,0.0,513090,香港证券ETF,2025-09-06 17:14:18,,,,,,,,,,,,,,,,,,,,,,,,
2024-09-09,0.906,0.913,0.903,0.906,693607900.0,628.41,1.1,-0.11,-0.001,0.0,513090,香港证券ETF,2025-09-06 17:14:18,,,,,,,,,,,,,,,,,,,,,,,,
2024-09-06,0.93,0.932,0.905,0.907,1376339600.0,1248.34,0.0,0.0,0.0,0.0,513090,香港证券ETF,2025-09-06 17:14:18,,,,,,,,,,,,,,,,,,,,,,,,
