日期,开盘,最高,最低,收盘,成交量,成交额,振幅,涨跌幅,涨跌额,换手率,ETF代码,ETF名称,爬取时间,折溢价率,IOPV,前收盘,量比,委比,外盘,内盘,主力净流入-净额,主力净流入-净占比,超大单净流入-净额,超大单净流入-净占比,大单净流入-净额,大单净流入-净占比,中单净流入-净额,中单净流入-净占比,小单净流入-净额,小单净流入-净占比,现手,买一,卖一,最新份额,流通市值,总市值,更新时间
2025-09-22,0.831,0.836,0.825,0.833,8771178916.0,73063920.37,1.32,0.24,0.002,,513130,恒生科技ETF,2025-09-22 21:52:51,,,,,,,,,,,,,,,,,,,,,,,,
2025-09-19,0.835,0.846,0.827,0.832,9954926929.0,82824992.05,2.29,0.36,0.003,,513130,恒生科技ETF,2025-09-19 18:14:22,,,,,,,,,,,,,,,,,,,,,,,,
2025-09-18,0.843,0.858,0.819,0.829,16769632366.0,139020252.31,4.63,-1.66,-0.014,,513130,恒生科技ETF,2025-09-19 18:14:22,,,,,,,,,,,,,,,,,,,,,,,,
2025-09-17,0.815,0.844,0.814,0.843,10366717234.0,87391426.28,3.68,3.44,0.028,,513130,恒生科技ETF,2025-09-19 18:14:22,,,,,,,,,,,,,,,,,,,,,,,,
2025-09-16,0.806,0.813,0.799,0.811,6906369228.0,56010654.44,1.74,0.62,0.005,,513130,恒生科技ETF,2025-09-18 22:22:51,,,,,,,,,,,,,,,,,,,,,,,,
2025-09-12,0.798,0.803,0.795,0.795,709587.85,5669118904.0,1.02,0.89,0.007,14.27,513130,恒生科技ETF,2025-09-12 22:21:36,0.15,0.7962,0.788,0.92,-45.9,33864204.0,37094581.0,96408640.0,1.7,331816352.0,5.85,-235407712.0,-4.15,-62701872.0,-1.11,-33706786.0,-0.59,-62392.0,0.795,0.796,49740347136.0,39543575973.0,39543575973.0,2025-09-12 16:11:54+08:00
2025-09-11,0.777,0.788,0.771,0.788,9074681236.0,71508488.14,0.0,0.0,0.0,0.0,513130,恒生科技ETF,2025-09-11 22:22:15,0.0,,,,,,,,,,,,,,,,,,,,,,,
2025-09-10,0.779,0.792,0.778,0.784,8432498044.0,66110784.66,0.0,0.0,0.0,0.0,513130,恒生科技ETF,2025-09-10 22:21:27,0.0,,,,,,,,,,,,,,,,,,,,,,,
2025-09-09,0.77,0.78,0.767,0.771,8190230530.0,63146677.39,0.0,0.0,0.0,0.0,513130,恒生科技ETF,2025-09-09 18:27:56,,,,,,,,,,,,,,,,,,,,,,,,
2025-09-08,0.759,0.768,0.755,0.767,6143122735.0,47117751.38,0.0,0.0,0.0,0.0,513130,恒生科技ETF,2025-09-08 18:27:51,,,,,,,,,,,,,,,,,,,,,,,,
2025-09-05,0.745,0.759,0.743,0.758,6883411015.0,5217.63,2.16,2.16,0.016,0.0,513130,恒生科技ETF,2025-09-06 17:14:18,,,,,,,,,,,,,,,,,,,,,,,,
2025-09-04,0.76,0.762,0.739,0.742,8239904178.0,6114.01,3.05,-1.59,-0.012,0.0,513130,恒生科技ETF,2025-09-06 17:14:18,,,,,,,,,,,,,,,,,,,,,,,,
2025-09-03,0.768,0.77,0.753,0.754,7703532904.0,5808.46,2.23,-1.18,-0.009,0.0,513130,恒生科技ETF,2025-09-06 17:14:18,,,,,,,,,,,,,,,,,,,,,,,,
2025-09-02,0.771,0.772,0.758,0.763,7664429075.0,5847.96,1.82,-0.91,-0.007,0.0,513130,恒生科技ETF,2025-09-06 17:14:18,,,,,,,,,,,,,,,,,,,,,,,,
2025-09-01,0.772,0.775,0.765,0.77,8304191319.0,6394.23,1.32,1.32,0.01,0.0,513130,恒生科技ETF,2025-09-06 17:14:18,,,,,,,,,,,,,,,,,,,,,,,,
2025-08-29,0.759,0.763,0.75,0.76,8764648492.0,6661.13,1.72,0.66,0.005,0.0,513130,恒生科技ETF,2025-09-06 17:14:18,,,,,,,,,,,,,,,,,,,,,,,,
2025-08-28,0.755,0.757,0.744,0.755,10986429769.0,8294.75,1.71,-0.92,-0.007,0.0,513130,恒生科技ETF,2025-09-06 17:14:18,,,,,,,,,,,,,,,,,,,,,,,,
2025-08-27,0.776,0.783,0.76,0.762,10531491087.0,8025.0,2.98,-1.42,-0.011,0.0,513130,恒生科技ETF,2025-09-06 17:14:18,,,,,,,,,,,,,,,,,,,,,,,,
2025-08-26,0.771,0.781,0.768,0.773,8123190965.0,6279.23,1.67,-0.77,-0.006,0.0,513130,恒生科技ETF,2025-09-06 17:14:18,,,,,,,,,,,,,,,,,,,,,,,,
2025-08-25,0.766,0.78,0.765,0.779,11637474273.0,9065.59,2.0,4.01,0.03,0.0,513130,恒生科技ETF,2025-09-06 17:14:18,,,,,,,,,,,,,,,,,,,,,,,,
2025-08-22,0.741,0.751,0.738,0.749,8914887492.0,6677.25,1.77,2.18,0.016,0.0,513130,恒生科技ETF,2025-09-06 17:14:18,,,,,,,,,,,,,,,,,,,,,,,,
2025-08-21,0.74,0.741,0.731,0.733,5468047321.0,4008.08,1.35,-1.35,-0.01,0.0,513130,恒生科技ETF,2025-09-06 17:14:18,,,,,,,,,,,,,,,,,,,,,,,,
2025-08-20,0.738,0.743,0.732,0.743,6518605498.0,4843.32,1.48,-0.13,-0.001,0.0,513130,恒生科技ETF,2025-09-06 17:14:18,,,,,,,,,,,,,,,,,,,,,,,,
2025-08-19,0.748,0.749,0.74,0.744,6528031281.0,4856.86,1.2,-0.67,-0.005,0.0,513130,恒生科技ETF,2025-09-06 17:14:18,,,,,,,,,,,,,,,,,,,,,,,,
2025-08-18,0.744,0.756,0.744,0.749,8011092228.0,6000.31,1.62,1.08,0.008,0.0,513130,恒生科技ETF,2025-09-06 17:14:18,,,,,,,,,,,,,,,,,,,,,,,,
2025-08-15,0.734,0.741,0.733,0.741,6285962000.0,4657.9,1.08,0.0,0.0,0.0,513130,恒生科技ETF,2025-09-06 17:14:18,,,,,,,,,,,,,,,,,,,,,,,,
2025-08-14,0.752,0.754,0.739,0.741,6979061493.0,5171.48,2.01,-0.54,-0.004,0.0,513130,恒生科技ETF,2025-09-06 17:14:18,,,,,,,,,,,,,,,,,,,,,,,,
2025-08-13,0.731,0.746,0.73,0.745,7290330002.0,5431.3,2.21,2.9,0.021,0.0,513130,恒生科技ETF,2025-09-06 17:14:18,,,,,,,,,,,,,,,,,,,,,,,,
2025-08-12,0.724,0.727,0.72,0.724,5138472600.0,3720.25,0.96,-0.28,-0.002,0.0,513130,恒生科技ETF,2025-09-06 17:14:18,,,,,,,,,,,,,,,,,,,,,,,,
2025-08-11,0.729,0.729,0.722,0.726,4453241542.0,3233.05,0.96,0.0,0.0,0.0,513130,恒生科技ETF,2025-09-06 17:14:18,,,,,,,,,,,,,,,,,,,,,,,,
2025-08-08,0.733,0.733,0.725,0.726,4147375840.0,3010.99,1.08,-1.63,-0.012,0.0,513130,恒生科技ETF,2025-09-06 17:14:18,,,,,,,,,,,,,,,,,,,,,,,,
2025-08-07,0.738,0.74,0.73,0.738,5282175188.0,3898.25,1.36,0.27,0.002,0.0,513130,恒生科技ETF,2025-09-06 17:14:18,,,,,,,,,,,,,,,,,,,,,,,,
2025-08-06,0.733,0.738,0.73,0.736,4089512136.0,3009.88,1.09,0.27,0.002,0.0,513130,恒生科技ETF,2025-09-06 17:14:18,,,,,,,,,,,,,,,,,,,,,,,,
2025-08-05,0.731,0.735,0.729,0.734,4930542103.0,3619.02,0.82,0.41,0.003,0.0,513130,恒生科技ETF,2025-09-06 17:14:18,,,,,,,,,,,,,,,,,,,,,,,,
2025-08-04,0.718,0.731,0.715,0.731,6003006438.0,4388.2,2.2,0.41,0.003,0.0,513130,恒生科技ETF,2025-09-06 17:14:18,,,,,,,,,,,,,,,,,,,,,,,,
2025-08-01,0.729,0.734,0.724,0.728,5953379125.0,4334.06,1.37,-0.14,-0.001,0.0,513130,恒生科技ETF,2025-09-06 17:14:18,,,,,,,,,,,,,,,,,,,,,,,,
2025-07-31,0.729,0.736,0.725,0.729,8237282224.0,6004.98,1.5,-0.68,-0.005,0.0,513130,恒生科技ETF,2025-09-06 17:14:18,,,,,,,,,,,,,,,,,,,,,,,,
2025-07-30,0.739,0.745,0.729,0.734,7706952110.0,5656.9,2.14,-1.74,-0.013,0.0,513130,恒生科技ETF,2025-09-06 17:14:18,,,,,,,,,,,,,,,,,,,,,,,,
2025-07-29,0.749,0.749,0.739,0.747,5127923033.0,3830.56,1.33,-0.8,-0.006,0.0,513130,恒生科技ETF,2025-09-06 17:14:18,,,,,,,,,,,,,,,,,,,,,,,,
2025-07-28,0.757,0.758,0.75,0.753,4555057467.0,3429.96,1.06,0.0,0.0,0.0,513130,恒生科技ETF,2025-09-06 17:14:18,,,,,,,,,,,,,,,,,,,,,,,,
2025-07-25,0.758,0.758,0.749,0.753,5352631480.0,4030.53,1.18,-1.31,-0.01,0.0,513130,恒生科技ETF,2025-09-06 17:14:18,,,,,,,,,,,,,,,,,,,,,,,,
2025-07-24,0.759,0.769,0.758,0.763,5400302961.0,4120.43,1.45,0.26,0.002,0.0,513130,恒生科技ETF,2025-09-06 17:14:18,,,,,,,,,,,,,,,,,,,,,,,,
2025-07-23,0.751,0.764,0.746,0.761,6385534796.0,4859.39,2.42,2.42,0.018,0.0,513130,恒生科技ETF,2025-09-06 17:14:18,,,,,,,,,,,,,,,,,,,,,,,,
2025-07-22,0.742,0.746,0.738,0.743,4058395312.0,3015.39,1.08,0.13,0.001,0.0,513130,恒生科技ETF,2025-09-06 17:14:18,,,,,,,,,,,,,,,,,,,,,,,,
2025-07-21,0.744,0.745,0.736,0.742,4482337708.0,3325.89,1.23,1.23,0.009,0.0,513130,恒生科技ETF,2025-09-06 17:14:18,,,,,,,,,,,,,,,,,,,,,,,,
2025-07-18,0.735,0.738,0.728,0.733,4968030402.0,3641.57,1.38,0.96,0.007,0.0,513130,恒生科技ETF,2025-09-06 17:14:18,,,,,,,,,,,,,,,,,,,,,,,,
2025-07-17,0.72,0.728,0.718,0.726,4861005594.0,3529.09,1.38,0.28,0.002,0.0,513130,恒生科技ETF,2025-09-06 17:14:18,,,,,,,,,,,,,,,,,,,,,,,,
2025-07-16,0.724,0.735,0.721,0.724,8391119200.0,6075.17,1.96,1.4,0.01,0.0,513130,恒生科技ETF,2025-09-06 17:14:18,,,,,,,,,,,,,,,,,,,,,,,,
2025-07-15,0.704,0.718,0.701,0.714,9399843940.0,6711.49,2.43,1.85,0.013,0.0,513130,恒生科技ETF,2025-09-06 17:14:18,,,,,,,,,,,,,,,,,,,,,,,,
2025-07-14,0.698,0.703,0.695,0.701,3697173100.0,2591.72,1.14,-0.14,-0.001,0.0,513130,恒生科技ETF,2025-09-06 17:14:18,,,,,,,,,,,,,,,,,,,,,,,,
2025-07-11,0.694,0.708,0.693,0.702,7045342698.0,4945.83,2.16,1.01,0.007,0.0,513130,恒生科技ETF,2025-09-06 17:14:18,,,,,,,,,,,,,,,,,,,,,,,,
2025-07-10,0.694,0.698,0.691,0.695,4626704400.0,3215.56,1.0,-0.29,-0.002,0.0,513130,恒生科技ETF,2025-09-06 17:14:18,,,,,,,,,,,,,,,,,,,,,,,,
2025-07-09,0.704,0.705,0.695,0.697,4177499800.0,2911.72,1.42,-0.99,-0.007,0.0,513130,恒生科技ETF,2025-09-06 17:14:18,,,,,,,,,,,,,,,,,,,,,,,,
2025-07-08,0.697,0.707,0.696,0.704,5211513200.0,3668.91,1.59,1.59,0.011,0.0,513130,恒生科技ETF,2025-09-06 17:14:18,,,,,,,,,,,,,,,,,,,,,,,,
2025-07-07,0.689,0.697,0.686,0.693,4142541900.0,2870.78,1.59,0.14,0.001,0.0,513130,恒生科技ETF,2025-09-06 17:14:18,,,,,,,,,,,,,,,,,,,,,,,,
2025-07-04,0.692,0.701,0.684,0.692,7191832600.0,4976.75,2.44,-0.57,-0.004,0.0,513130,恒生科技ETF,2025-09-06 17:14:18,,,,,,,,,,,,,,,,,,,,,,,,
2025-07-03,0.703,0.703,0.69,0.696,4545310600.0,3163.54,1.85,-1.0,-0.007,0.0,513130,恒生科技ETF,2025-09-06 17:14:18,,,,,,,,,,,,,,,,,,,,,,,,
2025-07-02,0.712,0.713,0.699,0.703,4226516500.0,2971.24,1.98,-0.57,-0.004,0.0,513130,恒生科技ETF,2025-09-06 17:14:18,,,,,,,,,,,,,,,,,,,,,,,,
2025-07-01,0.709,0.709,0.707,0.707,987782700.0,698.36,0.28,-0.42,-0.003,0.0,513130,恒生科技ETF,2025-09-06 17:14:18,,,,,,,,,,,,,,,,,,,,,,,,
2025-06-30,0.711,0.714,0.708,0.71,3422513400.0,2429.98,0.85,0.0,0.0,0.0,513130,恒生科技ETF,2025-09-06 17:14:18,,,,,,,,,,,,,,,,,,,,,,,,
2025-06-27,0.712,0.716,0.708,0.71,4498698480.0,3194.08,1.13,0.28,0.002,0.0,513130,恒生科技ETF,2025-09-06 17:14:18,,,,,,,,,,,,,,,,,,,,,,,,
2025-06-26,0.709,0.713,0.705,0.708,4750051800.0,3363.04,1.12,-0.98,-0.007,0.0,513130,恒生科技ETF,2025-09-06 17:14:18,,,,,,,,,,,,,,,,,,,,,,,,
2025-06-25,0.71,0.715,0.707,0.715,4699404434.0,3360.07,1.13,1.27,0.009,0.0,513130,恒生科技ETF,2025-09-06 17:14:18,,,,,,,,,,,,,,,,,,,,,,,,
2025-06-24,0.696,0.708,0.695,0.706,5608296359.0,3959.46,1.88,2.32,0.016,0.0,513130,恒生科技ETF,2025-09-06 17:14:18,,,,,,,,,,,,,,,,,,,,,,,,
2025-06-23,0.676,0.691,0.673,0.69,4850618200.0,3346.93,2.65,1.62,0.011,0.0,513130,恒生科技ETF,2025-09-06 17:14:18,,,,,,,,,,,,,,,,,,,,,,,,
2025-06-20,0.681,0.684,0.678,0.679,3361202600.0,2282.26,0.88,0.15,0.001,0.0,513130,恒生科技ETF,2025-09-06 17:14:18,,,,,,,,,,,,,,,,,,,,,,,,
2025-06-19,0.692,0.695,0.677,0.678,5016651600.0,3401.29,2.59,-2.45,-0.017,0.0,513130,恒生科技ETF,2025-09-06 17:14:18,,,,,,,,,,,,,,,,,,,,,,,,
2025-06-18,0.702,0.702,0.693,0.695,3414508500.0,2373.08,1.28,-1.28,-0.009,0.0,513130,恒生科技ETF,2025-09-06 17:14:18,,,,,,,,,,,,,,,,,,,,,,,,
2025-06-17,0.707,0.711,0.701,0.704,4118730000.0,2899.59,1.42,0.0,0.0,0.0,513130,恒生科技ETF,2025-09-06 17:14:18,,,,,,,,,,,,,,,,,,,,,,,,
2025-06-16,0.694,0.704,0.692,0.704,3802573600.0,2677.01,1.72,1.15,0.008,0.0,513130,恒生科技ETF,2025-09-06 17:14:18,,,,,,,,,,,,,,,,,,,,,,,,
2025-06-13,0.706,0.708,0.693,0.696,6259122700.0,4356.35,2.1,-2.52,-0.018,0.0,513130,恒生科技ETF,2025-09-06 17:14:18,,,,,,,,,,,,,,,,,,,,,,,,
2025-06-12,0.719,0.721,0.712,0.714,4894863800.0,3494.93,1.24,-1.92,-0.014,0.0,513130,恒生科技ETF,2025-09-06 17:14:18,,,,,,,,,,,,,,,,,,,,,,,,
2025-06-11,0.719,0.731,0.719,0.728,4468952300.0,3253.4,1.68,1.68,0.012,0.0,513130,恒生科技ETF,2025-09-06 17:14:18,,,,,,,,,,,,,,,,,,,,,,,,
2025-06-10,0.723,0.725,0.711,0.716,4874655000.0,3490.25,1.94,-0.69,-0.005,0.0,513130,恒生科技ETF,2025-09-06 17:14:18,,,,,,,,,,,,,,,,,,,,,,,,
2025-06-09,0.709,0.726,0.709,0.721,5952600756.0,4291.83,2.41,2.41,0.017,0.0,513130,恒生科技ETF,2025-09-06 17:14:18,,,,,,,,,,,,,,,,,,,,,,,,
2025-06-06,0.707,0.708,0.701,0.704,3157890300.0,2223.15,0.99,-0.14,-0.001,0.0,513130,恒生科技ETF,2025-09-06 17:14:18,,,,,,,,,,,,,,,,,,,,,,,,
2025-06-05,0.701,0.707,0.698,0.705,5151835600.0,3632.04,1.3,1.59,0.011,0.0,513130,恒生科技ETF,2025-09-06 17:14:18,,,,,,,,,,,,,,,,,,,,,,,,
2025-06-04,0.689,0.699,0.688,0.694,4768736800.0,3309.5,1.59,0.58,0.004,0.0,513130,恒生科技ETF,2025-09-06 17:14:18,,,,,,,,,,,,,,,,,,,,,,,,
2025-06-03,0.689,0.695,0.688,0.69,3892525500.0,2685.84,1.02,0.29,0.002,0.0,513130,恒生科技ETF,2025-09-06 17:14:18,,,,,,,,,,,,,,,,,,,,,,,,
2025-05-30,0.697,0.698,0.686,0.688,4744437500.0,3264.17,1.7,-2.41,-0.017,0.0,513130,恒生科技ETF,2025-09-06 17:14:18,,,,,,,,,,,,,,,,,,,,,,,,
2025-05-29,0.692,0.708,0.69,0.705,6997375398.0,4933.15,2.62,2.47,0.017,0.0,513130,恒生科技ETF,2025-09-06 17:14:18,,,,,,,,,,,,,,,,,,,,,,,,
2025-05-28,0.693,0.695,0.686,0.688,3479509865.0,2393.9,1.31,-0.15,-0.001,0.0,513130,恒生科技ETF,2025-09-06 17:14:18,,,,,,,,,,,,,,,,,,,,,,,,
2025-05-27,0.684,0.691,0.68,0.689,4931927388.0,3398.1,1.6,0.29,0.002,0.0,513130,恒生科技ETF,2025-09-06 17:14:18,,,,,,,,,,,,,,,,,,,,,,,,
2025-05-26,0.697,0.698,0.684,0.687,4390710362.0,3016.42,2.01,-1.43,-0.01,0.0,513130,恒生科技ETF,2025-09-06 17:14:18,,,,,,,,,,,,,,,,,,,,,,,,
2025-05-23,0.704,0.709,0.697,0.697,5156237200.0,3593.9,1.71,-0.71,-0.005,0.0,513130,恒生科技ETF,2025-09-06 17:14:18,,,,,,,,,,,,,,,,,,,,,,,,
2025-05-22,0.711,0.714,0.701,0.702,4063419660.0,2852.52,1.82,-1.54,-0.011,0.0,513130,恒生科技ETF,2025-09-06 17:14:18,,,,,,,,,,,,,,,,,,,,,,,,
2025-05-21,0.712,0.718,0.712,0.713,4196883800.0,2992.38,0.84,0.14,0.001,0.0,513130,恒生科技ETF,2025-09-06 17:14:18,,,,,,,,,,,,,,,,,,,,,,,,
2025-05-20,0.706,0.715,0.703,0.712,5333701000.0,3797.6,1.7,1.14,0.008,0.0,513130,恒生科技ETF,2025-09-06 17:14:18,,,,,,,,,,,,,,,,,,,,,,,,
2025-05-19,0.702,0.708,0.692,0.704,5045155899.0,3551.79,2.26,-0.42,-0.003,0.0,513130,恒生科技ETF,2025-09-06 17:14:18,,,,,,,,,,,,,,,,,,,,,,,,
2025-05-16,0.705,0.71,0.703,0.707,4283833700.0,3028.67,0.99,-0.42,-0.003,0.0,513130,恒生科技ETF,2025-09-06 17:14:18,,,,,,,,,,,,,,,,,,,,,,,,
2025-05-15,0.718,0.724,0.708,0.71,5941662892.0,4218.58,2.22,-1.53,-0.011,0.0,513130,恒生科技ETF,2025-09-06 17:14:18,,,,,,,,,,,,,,,,,,,,,,,,
2025-05-14,0.715,0.724,0.713,0.721,6910500080.0,4982.47,1.55,1.69,0.012,0.0,513130,恒生科技ETF,2025-09-06 17:14:18,,,,,,,,,,,,,,,,,,,,,,,,
2025-05-13,0.724,0.724,0.707,0.709,6340323401.0,4495.29,2.38,-0.84,-0.006,0.0,513130,恒生科技ETF,2025-09-06 17:14:18,,,,,,,,,,,,,,,,,,,,,,,,
2025-05-12,0.715,0.717,0.704,0.715,7597396586.0,5432.14,1.87,2.58,0.018,0.0,513130,恒生科技ETF,2025-09-06 17:14:18,,,,,,,,,,,,,,,,,,,,,,,,
2025-05-09,0.706,0.707,0.694,0.697,5376799800.0,3747.63,1.84,-1.41,-0.01,0.0,513130,恒生科技ETF,2025-09-06 17:14:18,,,,,,,,,,,,,,,,,,,,,,,,
2025-05-08,0.703,0.716,0.701,0.707,6565784287.0,4642.01,2.12,-0.14,-0.001,0.0,513130,恒生科技ETF,2025-09-06 17:14:18,,,,,,,,,,,,,,,,,,,,,,,,
2025-05-07,0.726,0.73,0.705,0.708,8400721180.0,5947.71,3.52,-0.42,-0.003,0.0,513130,恒生科技ETF,2025-09-06 17:14:18,,,,,,,,,,,,,,,,,,,,,,,,
2025-05-06,0.706,0.711,0.701,0.711,6294424949.0,4475.34,1.45,3.04,0.021,0.0,513130,恒生科技ETF,2025-09-06 17:14:18,,,,,,,,,,,,,,,,,,,,,,,,
2025-04-30,0.684,0.692,0.681,0.69,6216053800.0,4289.08,1.61,1.02,0.007,0.0,513130,恒生科技ETF,2025-09-06 17:14:18,,,,,,,,,,,,,,,,,,,,,,,,
2025-04-29,0.683,0.692,0.68,0.683,5076345000.0,3467.14,1.75,-0.15,-0.001,0.0,513130,恒生科技ETF,2025-09-06 17:14:18,,,,,,,,,,,,,,,,,,,,,,,,
2025-04-28,0.683,0.685,0.676,0.684,4508594200.0,3083.88,1.32,0.0,0.0,0.0,513130,恒生科技ETF,2025-09-06 17:14:18,,,,,,,,,,,,,,,,,,,,,,,,
2025-04-25,0.685,0.694,0.681,0.684,7727558590.0,5285.65,1.92,1.18,0.008,0.0,513130,恒生科技ETF,2025-09-06 17:14:18,,,,,,,,,,,,,,,,,,,,,,,,
2025-04-24,0.689,0.692,0.673,0.676,7058315730.0,4771.42,2.76,-1.89,-0.013,0.0,513130,恒生科技ETF,2025-09-06 17:14:18,,,,,,,,,,,,,,,,,,,,,,,,
2025-04-23,0.692,0.695,0.681,0.689,8698882500.0,5993.53,2.09,2.99,0.02,0.0,513130,恒生科技ETF,2025-09-06 17:14:18,,,,,,,,,,,,,,,,,,,,,,,,
2025-04-22,0.667,0.673,0.657,0.669,9104297061.0,6090.77,2.4,0.3,0.002,0.0,513130,恒生科技ETF,2025-09-06 17:14:18,,,,,,,,,,,,,,,,,,,,,,,,
2025-04-21,0.66,0.668,0.658,0.667,2997614800.0,1999.41,1.52,1.06,0.007,0.0,513130,恒生科技ETF,2025-09-06 17:14:18,,,,,,,,,,,,,,,,,,,,,,,,
2025-04-18,0.662,0.663,0.658,0.66,2099802600.0,1385.87,0.75,-0.75,-0.005,0.0,513130,恒生科技ETF,2025-09-06 17:14:18,,,,,,,,,,,,,,,,,,,,,,,,
2025-04-17,0.656,0.672,0.654,0.665,9152484299.0,6086.4,2.74,1.06,0.007,0.0,513130,恒生科技ETF,2025-09-06 17:14:18,,,,,,,,,,,,,,,,,,,,,,,,
2025-04-16,0.672,0.674,0.651,0.658,8924268957.0,5872.17,3.39,-2.95,-0.02,0.0,513130,恒生科技ETF,2025-09-06 17:14:18,,,,,,,,,,,,,,,,,,,,,,,,
2025-04-15,0.688,0.691,0.674,0.678,7699878343.0,5220.52,2.49,-0.59,-0.004,0.0,513130,恒生科技ETF,2025-09-06 17:14:18,,,,,,,,,,,,,,,,,,,,,,,,
2025-04-14,0.691,0.694,0.68,0.682,10486694200.0,7151.93,2.08,1.19,0.008,0.0,513130,恒生科技ETF,2025-09-06 17:14:18,,,,,,,,,,,,,,,,,,,,,,,,
2025-04-11,0.656,0.683,0.65,0.674,17437935010.0,11753.17,4.99,1.97,0.013,0.0,513130,恒生科技ETF,2025-09-06 17:14:18,,,,,,,,,,,,,,,,,,,,,,,,
2025-04-10,0.668,0.688,0.658,0.661,20761156408.0,13723.12,4.72,3.93,0.025,0.0,513130,恒生科技ETF,2025-09-06 17:14:18,,,,,,,,,,,,,,,,,,,,,,,,
2025-04-09,0.601,0.645,0.592,0.636,24988669441.0,15892.79,8.53,2.42,0.015,0.0,513130,恒生科技ETF,2025-09-06 17:14:18,,,,,,,,,,,,,,,,,,,,,,,,
2025-04-08,0.641,0.652,0.605,0.621,15982655000.0,9925.23,7.31,-3.42,-0.022,0.0,513130,恒生科技ETF,2025-09-06 17:14:18,,,,,,,,,,,,,,,,,,,,,,,,
2025-04-07,0.661,0.663,0.643,0.643,7178202958.0,4615.58,2.8,-9.94,-0.071,0.0,513130,恒生科技ETF,2025-09-06 17:14:18,,,,,,,,,,,,,,,,,,,,,,,,
2025-04-03,0.716,0.726,0.711,0.714,8860610300.0,6326.48,2.05,-2.19,-0.016,0.0,513130,恒生科技ETF,2025-09-06 17:14:18,,,,,,,,,,,,,,,,,,,,,,,,
2025-04-02,0.727,0.741,0.722,0.73,7552533501.0,5513.35,2.6,-0.27,-0.002,0.0,513130,恒生科技ETF,2025-09-06 17:14:18,,,,,,,,,,,,,,,,,,,,,,,,
2025-04-01,0.732,0.741,0.726,0.732,8717012700.0,6380.85,2.07,0.97,0.007,0.0,513130,恒生科技ETF,2025-09-06 17:14:18,,,,,,,,,,,,,,,,,,,,,,,,
2025-03-31,0.733,0.736,0.718,0.725,7221082299.0,5235.28,2.44,-1.89,-0.014,0.0,513130,恒生科技ETF,2025-09-06 17:14:18,,,,,,,,,,,,,,,,,,,,,,,,
2025-03-28,0.758,0.76,0.734,0.739,8388960800.0,6199.44,3.44,-2.12,-0.016,0.0,513130,恒生科技ETF,2025-09-06 17:14:18,,,,,,,,,,,,,,,,,,,,,,,,
2025-03-27,0.752,0.767,0.741,0.755,8439615105.0,6371.91,3.47,0.8,0.006,0.0,513130,恒生科技ETF,2025-09-06 17:14:18,,,,,,,,,,,,,,,,,,,,,,,,
2025-03-26,0.747,0.756,0.745,0.749,6298866400.0,4717.85,1.48,0.94,0.007,0.0,513130,恒生科技ETF,2025-09-06 17:14:18,,,,,,,,,,,,,,,,,,,,,,,,
2025-03-25,0.757,0.763,0.742,0.742,6166843900.0,4575.8,2.75,-2.75,-0.021,0.0,513130,恒生科技ETF,2025-09-06 17:14:18,,,,,,,,,,,,,,,,,,,,,,,,
2025-03-24,0.762,0.765,0.753,0.763,6345866200.0,4841.9,1.58,0.26,0.002,0.0,513130,恒生科技ETF,2025-09-06 17:14:18,,,,,,,,,,,,,,,,,,,,,,,,
2025-03-21,0.781,0.788,0.756,0.761,8572613652.0,6523.76,4.07,-3.18,-0.025,0.0,513130,恒生科技ETF,2025-09-06 17:14:18,,,,,,,,,,,,,,,,,,,,,,,,
2025-03-20,0.807,0.807,0.785,0.786,7181539900.0,5644.69,2.71,-3.2,-0.026,0.0,513130,恒生科技ETF,2025-09-06 17:14:18,,,,,,,,,,,,,,,,,,,,,,,,
2025-03-19,0.813,0.819,0.803,0.812,6121153450.0,4970.38,1.96,-0.49,-0.004,0.0,513130,恒生科技ETF,2025-09-06 17:14:18,,,,,,,,,,,,,,,,,,,,,,,,
2025-03-18,0.808,0.816,0.804,0.816,7117178100.0,5807.62,1.52,3.16,0.025,0.0,513130,恒生科技ETF,2025-09-06 17:14:18,,,,,,,,,,,,,,,,,,,,,,,,
2025-03-17,0.796,0.797,0.782,0.791,6985322700.0,5525.39,1.9,0.0,0.0,0.0,513130,恒生科技ETF,2025-09-06 17:14:18,,,,,,,,,,,,,,,,,,,,,,,,
2025-03-14,0.782,0.795,0.77,0.791,10111748400.0,7998.39,3.25,2.73,0.021,0.0,513130,恒生科技ETF,2025-09-06 17:14:18,,,,,,,,,,,,,,,,,,,,,,,,
2025-03-13,0.791,0.792,0.761,0.77,9260591300.0,7130.66,3.95,-1.91,-0.015,0.0,513130,恒生科技ETF,2025-09-06 17:14:18,,,,,,,,,,,,,,,,,,,,,,,,
2025-03-12,0.812,0.814,0.784,0.785,10474003655.0,8222.09,3.77,-1.26,-0.01,0.0,513130,恒生科技ETF,2025-09-06 17:14:18,,,,,,,,,,,,,,,,,,,,,,,,
2025-03-11,0.776,0.802,0.771,0.795,11606317570.0,9227.02,3.91,0.25,0.002,0.0,513130,恒生科技ETF,2025-09-06 17:14:18,,,,,,,,,,,,,,,,,,,,,,,,
2025-03-10,0.807,0.816,0.785,0.793,9966845805.0,7903.71,3.84,-1.73,-0.014,0.0,513130,恒生科技ETF,2025-09-06 17:14:18,,,,,,,,,,,,,,,,,,,,,,,,
2025-03-07,0.805,0.832,0.799,0.807,13527459500.0,10916.66,4.07,-0.37,-0.003,0.0,513130,恒生科技ETF,2025-09-06 17:14:18,,,,,,,,,,,,,,,,,,,,,,,,
2025-03-06,0.792,0.815,0.791,0.81,10153252800.0,8224.13,3.12,5.33,0.041,0.0,513130,恒生科技ETF,2025-09-06 17:14:18,,,,,,,,,,,,,,,,,,,,,,,,
2025-03-05,0.753,0.77,0.748,0.769,10408742184.0,8004.32,2.95,3.08,0.023,0.0,513130,恒生科技ETF,2025-09-06 17:14:18,,,,,,,,,,,,,,,,,,,,,,,,
2025-03-04,0.725,0.751,0.72,0.746,10894151354.0,8127.04,4.19,0.95,0.007,0.0,513130,恒生科技ETF,2025-09-06 17:14:18,,,,,,,,,,,,,,,,,,,,,,,,
2025-03-03,0.755,0.765,0.734,0.739,11485380982.0,8487.7,4.17,-0.67,-0.005,0.0,513130,恒生科技ETF,2025-09-06 17:14:18,,,,,,,,,,,,,,,,,,,,,,,,
2025-02-28,0.792,0.792,0.744,0.744,12766685500.0,9498.41,6.02,-6.65,-0.053,0.0,513130,恒生科技ETF,2025-09-06 17:14:18,,,,,,,,,,,,,,,,,,,,,,,,
2025-02-27,0.804,0.818,0.775,0.797,14699511454.0,11715.51,5.35,-0.87,-0.007,0.0,513130,恒生科技ETF,2025-09-06 17:14:18,,,,,,,,,,,,,,,,,,,,,,,,
2025-02-26,0.775,0.805,0.773,0.804,9575999202.0,7699.1,4.19,5.24,0.04,0.0,513130,恒生科技ETF,2025-09-06 17:14:18,,,,,,,,,,,,,,,,,,,,,,,,
2025-02-25,0.752,0.781,0.747,0.764,9781779660.0,7473.28,4.34,-2.43,-0.019,0.0,513130,恒生科技ETF,2025-09-06 17:14:18,,,,,,,,,,,,,,,,,,,,,,,,
2025-02-24,0.78,0.793,0.77,0.783,9571426900.0,7494.43,2.95,0.38,0.003,0.0,513130,恒生科技ETF,2025-09-06 17:14:18,,,,,,,,,,,,,,,,,,,,,,,,
2025-02-21,0.757,0.781,0.75,0.78,10388797736.0,8103.26,4.18,5.26,0.039,0.0,513130,恒生科技ETF,2025-09-06 17:14:18,,,,,,,,,,,,,,,,,,,,,,,,
2025-02-20,0.753,0.759,0.734,0.741,7697493393.0,5703.84,3.29,-2.63,-0.02,0.0,513130,恒生科技ETF,2025-09-06 17:14:18,,,,,,,,,,,,,,,,,,,,,,,,
2025-02-19,0.745,0.762,0.74,0.761,6661177378.0,5069.16,2.94,1.6,0.012,0.0,513130,恒生科技ETF,2025-09-06 17:14:18,,,,,,,,,,,,,,,,,,,,,,,,
2025-02-18,0.74,0.764,0.737,0.749,9818427940.0,7354.0,3.66,1.49,0.011,0.0,513130,恒生科技ETF,2025-09-06 17:14:18,,,,,,,,,,,,,,,,,,,,,,,,
2025-02-17,0.747,0.757,0.722,0.738,11265833184.0,8314.18,4.79,1.1,0.008,0.0,513130,恒生科技ETF,2025-09-06 17:14:18,,,,,,,,,,,,,,,,,,,,,,,,
2025-02-14,0.709,0.73,0.709,0.73,9367267100.0,6838.1,2.95,2.38,0.017,0.0,513130,恒生科技ETF,2025-09-06 17:14:18,,,,,,,,,,,,,,,,,,,,,,,,
2025-02-13,0.709,0.735,0.708,0.713,8528002849.0,6080.47,3.85,1.57,0.011,0.0,513130,恒生科技ETF,2025-09-06 17:14:18,,,,,,,,,,,,,,,,,,,,,,,,
2025-02-12,0.696,0.705,0.69,0.702,7356452650.0,5164.23,2.17,1.45,0.01,0.0,513130,恒生科技ETF,2025-09-06 17:14:18,,,,,,,,,,,,,,,,,,,,,,,,
2025-02-11,0.71,0.711,0.69,0.692,6417840100.0,4441.15,2.97,-1.98,-0.014,0.0,513130,恒生科技ETF,2025-09-06 17:14:18,,,,,,,,,,,,,,,,,,,,,,,,
2025-02-10,0.694,0.708,0.694,0.706,7219616000.0,5097.05,2.03,2.47,0.017,0.0,513130,恒生科技ETF,2025-09-06 17:14:18,,,,,,,,,,,,,,,,,,,,,,,,
2025-02-07,0.676,0.697,0.675,0.689,7713580316.0,5314.66,3.26,2.07,0.014,0.0,513130,恒生科技ETF,2025-09-06 17:14:18,,,,,,,,,,,,,,,,,,,,,,,,
2025-02-06,0.659,0.675,0.657,0.675,5625402800.0,3797.15,2.74,2.58,0.017,0.0,513130,恒生科技ETF,2025-09-06 17:14:18,,,,,,,,,,,,,,,,,,,,,,,,
2025-02-05,0.662,0.666,0.65,0.658,7571889801.0,4982.3,2.54,4.61,0.029,0.0,513130,恒生科技ETF,2025-09-06 17:14:18,,,,,,,,,,,,,,,,,,,,,,,,
2025-01-27,0.629,0.635,0.627,0.629,4302020800.0,2705.97,1.29,1.13,0.007,0.0,513130,恒生科技ETF,2025-09-06 17:14:18,,,,,,,,,,,,,,,,,,,,,,,,
2025-01-24,0.607,0.624,0.606,0.622,6665420500.0,4145.89,2.99,3.15,0.019,0.0,513130,恒生科技ETF,2025-09-06 17:14:18,,,,,,,,,,,,,,,,,,,,,,,,
2025-01-23,0.618,0.624,0.603,0.603,6307604000.0,3803.49,3.43,-1.47,-0.009,0.0,513130,恒生科技ETF,2025-09-06 17:14:18,,,,,,,,,,,,,,,,,,,,,,,,
2025-01-22,0.623,0.626,0.611,0.612,3894490000.0,2383.43,2.38,-2.7,-0.017,0.0,513130,恒生科技ETF,2025-09-06 17:14:18,,,,,,,,,,,,,,,,,,,,,,,,
2025-01-21,0.622,0.632,0.617,0.629,6247742400.0,3929.83,2.44,2.11,0.013,0.0,513130,恒生科技ETF,2025-09-06 17:14:18,,,,,,,,,,,,,,,,,,,,,,,,
2025-01-20,0.61,0.623,0.61,0.616,5863352900.0,3611.83,2.16,2.5,0.015,0.0,513130,恒生科技ETF,2025-09-06 17:14:18,,,,,,,,,,,,,,,,,,,,,,,,
2025-01-17,0.593,0.602,0.59,0.601,4480374612.0,2692.71,2.02,1.18,0.007,0.0,513130,恒生科技ETF,2025-09-06 17:14:18,,,,,,,,,,,,,,,,,,,,,,,,
2025-01-16,0.593,0.604,0.587,0.594,6531623200.0,3879.78,2.9,1.37,0.008,0.0,513130,恒生科技ETF,2025-09-06 17:14:18,,,,,,,,,,,,,,,,,,,,,,,,
2025-01-15,0.584,0.59,0.581,0.586,4378161600.0,2565.6,1.53,-0.34,-0.002,0.0,513130,恒生科技ETF,2025-09-06 17:14:18,,,,,,,,,,,,,,,,,,,,,,,,
2025-01-14,0.57,0.591,0.569,0.588,7352055373.0,4323.01,3.88,3.7,0.021,0.0,513130,恒生科技ETF,2025-09-06 17:14:18,,,,,,,,,,,,,,,,,,,,,,,,
2025-01-13,0.57,0.571,0.562,0.567,3991376500.0,2263.11,1.57,-1.39,-0.008,0.0,513130,恒生科技ETF,2025-09-06 17:14:18,,,,,,,,,,,,,,,,,,,,,,,,
2025-01-10,0.584,0.588,0.574,0.575,4041775807.0,2324.02,2.41,-1.2,-0.007,0.0,513130,恒生科技ETF,2025-09-06 17:14:18,,,,,,,,,,,,,,,,,,,,,,,,
2025-01-09,0.58,0.588,0.579,0.582,4713732400.0,2743.39,1.55,0.34,0.002,0.0,513130,恒生科技ETF,2025-09-06 17:14:18,,,,,,,,,,,,,,,,,,,,,,,,
2025-01-08,0.587,0.589,0.574,0.58,5003920800.0,2902.27,2.57,-0.51,-0.003,0.0,513130,恒生科技ETF,2025-09-06 17:14:18,,,,,,,,,,,,,,,,,,,,,,,,
2025-01-07,0.588,0.594,0.577,0.583,5546101883.0,3233.38,2.88,-1.35,-0.008,0.0,513130,恒生科技ETF,2025-09-06 17:14:18,,,,,,,,,,,,,,,,,,,,,,,,
2025-01-06,0.595,0.599,0.59,0.591,3986473700.0,2356.01,1.53,0.34,0.002,0.0,513130,恒生科技ETF,2025-09-06 17:14:18,,,,,,,,,,,,,,,,,,,,,,,,
2025-01-03,0.59,0.599,0.585,0.589,5452914900.0,3211.77,2.38,0.17,0.001,0.0,513130,恒生科技ETF,2025-09-06 17:14:18,,,,,,,,,,,,,,,,,,,,,,,,
2025-01-02,0.597,0.599,0.585,0.588,4752875046.0,2794.69,2.35,-1.34,-0.008,0.0,513130,恒生科技ETF,2025-09-06 17:14:18,,,,,,,,,,,,,,,,,,,,,,,,
2024-12-31,0.605,0.608,0.595,0.596,3929358400.0,2341.9,2.13,-2.13,-0.013,0.0,513130,恒生科技ETF,2025-09-06 17:14:18,,,,,,,,,,,,,,,,,,,,,,,,
2024-12-30,0.613,0.614,0.605,0.609,3324171700.0,2024.42,1.47,-0.33,-0.002,0.0,513130,恒生科技ETF,2025-09-06 17:14:18,,,,,,,,,,,,,,,,,,,,,,,,
2024-12-27,0.61,0.617,0.609,0.611,4026642200.0,2460.28,1.32,0.49,0.003,0.0,513130,恒生科技ETF,2025-09-06 17:14:18,,,,,,,,,,,,,,,,,,,,,,,,
2024-12-26,0.609,0.61,0.607,0.608,863815900.0,525.2,0.49,-0.16,-0.001,0.0,513130,恒生科技ETF,2025-09-06 17:14:18,,,,,,,,,,,,,,,,,,,,,,,,
2024-12-25,0.609,0.611,0.607,0.609,1069711206.0,651.45,0.66,0.0,0.0,0.0,513130,恒生科技ETF,2025-09-06 17:14:18,,,,,,,,,,,,,,,,,,,,,,,,
2024-12-24,0.602,0.61,0.601,0.609,3654725458.0,2225.73,1.5,1.33,0.008,0.0,513130,恒生科技ETF,2025-09-06 17:14:18,,,,,,,,,,,,,,,,,,,,,,,,
2024-12-23,0.604,0.606,0.598,0.601,3908279700.0,2348.88,1.33,-0.17,-0.001,0.0,513130,恒生科技ETF,2025-09-06 17:14:18,,,,,,,,,,,,,,,,,,,,,,,,
2024-12-20,0.599,0.606,0.598,0.602,4850739400.0,2920.15,1.33,0.0,0.0,0.0,513130,恒生科技ETF,2025-09-06 17:14:18,,,,,,,,,,,,,,,,,,,,,,,,
2024-12-19,0.595,0.602,0.593,0.602,4807738800.0,2894.26,1.49,-0.17,-0.001,0.0,513130,恒生科技ETF,2025-09-06 17:14:18,,,,,,,,,,,,,,,,,,,,,,,,
2024-12-18,0.601,0.606,0.598,0.603,3999433194.0,2411.66,1.35,1.52,0.009,0.0,513130,恒生科技ETF,2025-09-06 17:14:18,,,,,,,,,,,,,,,,,,,,,,,,
2024-12-17,0.593,0.604,0.589,0.594,6830407800.0,4057.26,2.52,-0.17,-0.001,0.0,513130,恒生科技ETF,2025-09-06 17:14:18,,,,,,,,,,,,,,,,,,,,,,,,
2024-12-16,0.605,0.608,0.593,0.595,4870052100.0,2897.68,2.48,-1.82,-0.011,0.0,513130,恒生科技ETF,2025-09-06 17:14:18,,,,,,,,,,,,,,,,,,,,,,,,
2024-12-13,0.615,0.617,0.605,0.606,6423033106.0,3892.36,1.92,-3.04,-0.019,0.0,513130,恒生科技ETF,2025-09-06 17:14:18,,,,,,,,,,,,,,,,,,,,,,,,
2024-12-12,0.613,0.627,0.609,0.625,7380291885.0,4612.68,2.94,2.12,0.013,0.0,513130,恒生科技ETF,2025-09-06 17:14:18,,,,,,,,,,,,,,,,,,,,,,,,
2024-12-11,0.621,0.624,0.609,0.612,5393254410.0,3300.67,2.42,-1.29,-0.008,0.0,513130,恒生科技ETF,2025-09-06 17:14:18,,,,,,,,,,,,,,,,,,,,,,,,
2024-12-10,0.644,0.648,0.618,0.62,12652483806.0,7844.54,5.0,3.33,0.02,0.0,513130,恒生科技ETF,2025-09-06 17:14:18,,,,,,,,,,,,,,,,,,,,,,,,
2024-12-09,0.597,0.605,0.595,0.6,4056521647.0,2433.91,1.67,0.0,0.0,0.0,513130,恒生科技ETF,2025-09-06 17:14:18,,,,,,,,,,,,,,,,,,,,,,,,
2024-12-06,0.591,0.602,0.587,0.6,5942413700.0,3565.45,2.55,1.87,0.011,0.0,513130,恒生科技ETF,2025-09-06 17:14:18,,,,,,,,,,,,,,,,,,,,,,,,
2024-12-05,0.588,0.591,0.586,0.589,2613854600.0,1539.56,0.84,-0.67,-0.004,0.0,513130,恒生科技ETF,2025-09-06 17:14:18,,,,,,,,,,,,,,,,,,,,,,,,
2024-12-04,0.595,0.599,0.591,0.593,5228572045.0,3100.54,1.35,-0.17,-0.001,0.0,513130,恒生科技ETF,2025-09-06 17:14:18,,,,,,,,,,,,,,,,,,,,,,,,
2024-12-03,0.596,0.598,0.587,0.594,5211674120.0,3095.73,1.85,0.17,0.001,0.0,513130,恒生科技ETF,2025-09-06 17:14:18,,,,,,,,,,,,,,,,,,,,,,,,
2024-12-02,0.586,0.597,0.585,0.593,5647207900.0,3348.79,2.05,1.54,0.009,0.0,513130,恒生科技ETF,2025-09-06 17:14:18,,,,,,,,,,,,,,,,,,,,,,,,
2024-11-29,0.582,0.596,0.58,0.584,7336862800.0,4284.73,2.76,0.69,0.004,0.0,513130,恒生科技ETF,2025-09-06 17:14:18,,,,,,,,,,,,,,,,,,,,,,,,
2024-11-28,0.588,0.589,0.579,0.58,5084657800.0,2949.1,1.71,-0.68,-0.004,0.0,513130,恒生科技ETF,2025-09-06 17:14:18,,,,,,,,,,,,,,,,,,,,,,,,
2024-11-27,0.57,0.585,0.566,0.584,6021209400.0,3516.39,3.33,2.46,0.014,0.0,513130,恒生科技ETF,2025-09-06 17:14:18,,,,,,,,,,,,,,,,,,,,,,,,
2024-11-26,0.569,0.575,0.568,0.57,4688130700.0,2672.23,1.23,0.0,0.0,0.0,513130,恒生科技ETF,2025-09-06 17:14:18,,,,,,,,,,,,,,,,,,,,,,,,
2024-11-25,0.578,0.578,0.566,0.57,5837582500.0,3327.42,2.09,-0.52,-0.003,0.0,513130,恒生科技ETF,2025-09-06 17:14:18,,,,,,,,,,,,,,,,,,,,,,,,
2024-11-22,0.59,0.594,0.572,0.573,6983886284.0,4001.77,3.73,-2.88,-0.017,0.0,513130,恒生科技ETF,2025-09-06 17:14:18,,,,,,,,,,,,,,,,,,,,,,,,
2024-11-21,0.594,0.596,0.588,0.59,4673081813.0,2757.12,1.34,-0.84,-0.005,0.0,513130,恒生科技ETF,2025-09-06 17:14:18,,,,,,,,,,,,,,,,,,,,,,,,
2024-11-20,0.591,0.598,0.59,0.595,5076618000.0,3020.59,1.35,0.34,0.002,0.0,513130,恒生科技ETF,2025-09-06 17:14:18,,,,,,,,,,,,,,,,,,,,,,,,
2024-11-19,0.592,0.596,0.586,0.593,5915461089.0,3507.87,1.7,1.02,0.006,0.0,513130,恒生科技ETF,2025-09-06 17:14:18,,,,,,,,,,,,,,,,,,,,,,,,
2024-11-18,0.593,0.595,0.584,0.587,6116603600.0,3590.45,1.88,0.34,0.002,0.0,513130,恒生科技ETF,2025-09-06 17:14:18,,,,,,,,,,,,,,,,,,,,,,,,
2024-11-15,0.587,0.595,0.582,0.585,8031659800.0,4698.52,2.22,0.0,0.0,0.0,513130,恒生科技ETF,2025-09-06 17:14:18,,,,,,,,,,,,,,,,,,,,,,,,
2024-11-14,0.596,0.605,0.583,0.585,8013637500.0,4687.98,3.67,-2.5,-0.015,0.0,513130,恒生科技ETF,2025-09-06 17:14:18,,,,,,,,,,,,,,,,,,,,,,,,
2024-11-13,0.6,0.602,0.593,0.6,9017627100.0,5410.58,1.48,-1.15,-0.007,0.0,513130,恒生科技ETF,2025-09-06 17:14:18,,,,,,,,,,,,,,,,,,,,,,,,
2024-11-12,0.626,0.634,0.605,0.607,10015242900.0,6079.25,4.63,-3.19,-0.02,0.0,513130,恒生科技ETF,2025-09-06 17:14:18,,,,,,,,,,,,,,,,,,,,,,,,
2024-11-11,0.614,0.63,0.611,0.627,8785200581.0,5508.32,3.02,-0.48,-0.003,0.0,513130,恒生科技ETF,2025-09-06 17:14:18,,,,,,,,,,,,,,,,,,,,,,,,
2024-11-08,0.642,0.648,0.628,0.63,11200089778.0,7056.06,3.19,0.48,0.003,0.0,513130,恒生科技ETF,2025-09-06 17:14:18,,,,,,,,,,,,,,,,,,,,,,,,
2024-11-07,0.61,0.627,0.607,0.627,12132457300.0,7607.05,3.27,2.45,0.015,0.0,513130,恒生科技ETF,2025-09-06 17:14:18,,,,,,,,,,,,,,,,,,,,,,,,
2024-11-06,0.62,0.624,0.606,0.612,11552145200.0,7069.91,2.9,-1.29,-0.008,0.0,513130,恒生科技ETF,2025-09-06 17:14:18,,,,,,,,,,,,,,,,,,,,,,,,
2024-11-05,0.601,0.622,0.6,0.62,8778365163.0,5442.59,3.64,2.65,0.016,0.0,513130,恒生科技ETF,2025-09-06 17:14:18,,,,,,,,,,,,,,,,,,,,,,,,
2024-11-04,0.602,0.608,0.6,0.604,4238867700.0,2560.28,1.34,1.0,0.006,0.0,513130,恒生科技ETF,2025-09-06 17:14:18,,,,,,,,,,,,,,,,,,,,,,,,
2024-11-01,0.604,0.608,0.596,0.598,7176297500.0,4291.43,1.98,-1.16,-0.007,0.0,513130,恒生科技ETF,2025-09-06 17:14:18,,,,,,,,,,,,,,,,,,,,,,,,
2024-10-31,0.608,0.613,0.603,0.605,6869645400.0,4156.14,1.65,-0.17,-0.001,0.0,513130,恒生科技ETF,2025-09-06 17:14:18,,,,,,,,,,,,,,,,,,,,,,,,
2024-10-30,0.613,0.618,0.603,0.606,6340974900.0,3842.63,2.43,-1.94,-0.012,0.0,513130,恒生科技ETF,2025-09-06 17:14:18,,,,,,,,,,,,,,,,,,,,,,,,
2024-10-29,0.624,0.629,0.617,0.618,6743443712.0,4167.45,1.95,0.65,0.004,0.0,513130,恒生科技ETF,2025-09-06 17:14:18,,,,,,,,,,,,,,,,,,,,,,,,
2024-10-28,0.61,0.616,0.606,0.614,5889262546.0,3616.01,1.65,1.32,0.008,0.0,513130,恒生科技ETF,2025-09-06 17:14:18,,,,,,,,,,,,,,,,,,,,,,,,
2024-10-25,0.604,0.616,0.603,0.606,9342713100.0,5661.68,2.16,0.5,0.003,0.0,513130,恒生科技ETF,2025-09-06 17:14:18,,,,,,,,,,,,,,,,,,,,,,,,
2024-10-24,0.61,0.613,0.601,0.603,6653671700.0,4012.16,1.95,-2.11,-0.013,0.0,513130,恒生科技ETF,2025-09-06 17:14:18,,,,,,,,,,,,,,,,,,,,,,,,
2024-10-23,0.609,0.626,0.606,0.616,11184440004.0,6889.62,3.29,1.48,0.009,0.0,513130,恒生科技ETF,2025-09-06 17:14:18,,,,,,,,,,,,,,,,,,,,,,,,
2024-10-22,0.605,0.612,0.602,0.607,11356383969.0,6893.33,1.66,0.83,0.005,0.0,513130,恒生科技ETF,2025-09-06 17:14:18,,,,,,,,,,,,,,,,,,,,,,,,
2024-10-21,0.614,0.62,0.601,0.602,14090365245.0,8482.4,3.1,-1.63,-0.01,0.0,513130,恒生科技ETF,2025-09-06 17:14:18,,,,,,,,,,,,,,,,,,,,,,,,
2024-10-18,0.584,0.626,0.581,0.612,20628521998.0,12624.66,7.68,4.44,0.026,0.0,513130,恒生科技ETF,2025-09-06 17:14:18,,,,,,,,,,,,,,,,,,,,,,,,
2024-10-17,0.598,0.608,0.586,0.586,10038717510.0,5882.69,3.72,-0.85,-0.005,0.0,513130,恒生科技ETF,2025-09-06 17:14:18,,,,,,,,,,,,,,,,,,,,,,,,
2024-10-16,0.585,0.6,0.584,0.591,10740798821.0,6347.81,2.7,-0.34,-0.002,0.0,513130,恒生科技ETF,2025-09-06 17:14:18,,,,,,,,,,,,,,,,,,,,,,,,
2024-10-15,0.618,0.624,0.592,0.593,11349161598.0,6730.05,5.16,-4.35,-0.027,0.0,513130,恒生科技ETF,2025-09-06 17:14:18,,,,,,,,,,,,,,,,,,,,,,,,
2024-10-14,0.616,0.625,0.6,0.62,13379189775.0,8295.1,4.13,2.31,0.014,0.0,513130,恒生科技ETF,2025-09-06 17:14:18,,,,,,,,,,,,,,,,,,,,,,,,
2024-10-11,0.626,0.627,0.6,0.606,6079107000.0,3683.94,4.3,-3.5,-0.022,0.0,513130,恒生科技ETF,2025-09-06 17:14:18,,,,,,,,,,,,,,,,,,,,,,,,
2024-10-10,0.631,0.644,0.621,0.628,15158384593.0,9519.47,3.75,2.28,0.014,0.0,513130,恒生科技ETF,2025-09-06 17:14:18,,,,,,,,,,,,,,,,,,,,,,,,
2024-10-09,0.645,0.652,0.606,0.614,27201802290.0,16701.91,7.08,-5.54,-0.036,0.0,513130,恒生科技ETF,2025-09-06 17:14:18,,,,,,,,,,,,,,,,,,,,,,,,
2024-10-08,0.702,0.702,0.615,0.65,30988032853.0,20142.22,13.64,1.88,0.012,0.0,513130,恒生科技ETF,2025-09-06 17:14:18,,,,,,,,,,,,,,,,,,,,,,,,
2024-09-30,0.61,0.638,0.599,0.638,17891661398.0,11414.88,6.72,10.0,0.058,0.0,513130,恒生科技ETF,2025-09-06 17:14:18,,,,,,,,,,,,,,,,,,,,,,,,
2024-09-27,0.571,0.594,0.567,0.58,5568753500.0,3229.88,4.88,4.88,0.027,0.0,513130,恒生科技ETF,2025-09-06 17:14:18,,,,,,,,,,,,,,,,,,,,,,,,
2024-09-26,0.525,0.553,0.522,0.553,9820491727.0,5430.73,5.98,6.76,0.035,0.0,513130,恒生科技ETF,2025-09-06 17:14:18,,,,,,,,,,,,,,,,,,,,,,,,
2024-09-25,0.533,0.535,0.515,0.518,7261714800.0,3761.57,3.88,0.58,0.003,0.0,513130,恒生科技ETF,2025-09-06 17:14:18,,,,,,,,,,,,,,,,,,,,,,,,
2024-09-24,0.502,0.516,0.497,0.515,6397659900.0,3294.79,3.88,5.1,0.025,0.0,513130,恒生科技ETF,2025-09-06 17:14:18,,,,,,,,,,,,,,,,,,,,,,,,
2024-09-23,0.49,0.498,0.489,0.49,4176846600.0,2046.65,1.84,0.2,0.001,0.0,513130,恒生科技ETF,2025-09-06 17:14:18,,,,,,,,,,,,,,,,,,,,,,,,
2024-09-20,0.486,0.496,0.482,0.489,4799808930.0,2347.11,2.87,0.41,0.002,0.0,513130,恒生科技ETF,2025-09-06 17:14:18,,,,,,,,,,,,,,,,,,,,,,,,
2024-09-19,0.473,0.487,0.47,0.487,5466565800.0,2662.22,3.6,3.18,0.015,0.0,513130,恒生科技ETF,2025-09-06 17:14:18,,,,,,,,,,,,,,,,,,,,,,,,
2024-09-18,0.471,0.473,0.468,0.472,1570597900.0,741.32,1.08,1.51,0.007,0.0,513130,恒生科技ETF,2025-09-06 17:14:18,,,,,,,,,,,,,,,,,,,,,,,,
2024-09-13,0.466,0.471,0.463,0.465,2340705000.0,1088.43,1.72,0.0,0.0,0.0,513130,恒生科技ETF,2025-09-06 17:14:18,,,,,,,,,,,,,,,,,,,,,,,,
2024-09-12,0.465,0.469,0.464,0.465,3210920227.0,1493.08,1.08,0.87,0.004,0.0,513130,恒生科技ETF,2025-09-06 17:14:18,,,,,,,,,,,,,,,,,,,,,,,,
2024-09-11,0.46,0.462,0.457,0.461,2592917400.0,1195.33,1.08,-0.22,-0.001,0.0,513130,恒生科技ETF,2025-09-06 17:14:18,,,,,,,,,,,,,,,,,,,,,,,,
2024-09-10,0.46,0.464,0.455,0.462,3134730400.0,1448.25,1.97,1.32,0.006,0.0,513130,恒生科技ETF,2025-09-06 17:14:18,,,,,,,,,,,,,,,,,,,,,,,,
2024-09-09,0.459,0.461,0.455,0.456,2299215300.0,1048.44,1.3,-0.87,-0.004,0.0,513130,恒生科技ETF,2025-09-06 17:14:18,,,,,,,,,,,,,,,,,,,,,,,,
2024-09-06,0.465,0.466,0.459,0.46,1105577364.0,508.57,0.0,0.0,0.0,0.0,513130,恒生科技ETF,2025-09-06 17:14:18,,,,,,,,,,,,,,,,,,,,,,,,
