日期,开盘,最高,最低,收盘,成交量,成交额,振幅,涨跌幅,涨跌额,换手率,ETF代码,ETF名称,爬取时间,折溢价率,IOPV,前收盘,量比,委比,外盘,内盘,主力净流入-净额,主力净流入-净占比,超大单净流入-净额,超大单净流入-净占比,大单净流入-净额,大单净流入-净占比,中单净流入-净额,中单净流入-净占比,小单净流入-净额,小单净流入-净占比,现手,买一,卖一,最新份额,流通市值,总市值,更新时间
2025-09-22,0.841,0.853,0.841,0.852,981774692.0,8364720.38,1.43,1.31,0.011,,513980,港股科技50ETF,2025-09-22 21:52:51,,,,,,,,,,,,,,,,,,,,,,,,
2025-09-19,0.85,0.859,0.84,0.844,1433140903.0,12095709.22,2.25,0.0,0.0,,513980,港股科技50ETF,2025-09-19 18:14:22,,,,,,,,,,,,,,,,,,,,,,,,
2025-09-18,0.858,0.87,0.833,0.844,2439613189.0,20590335.32,4.31,-1.63,-0.014,,513980,港股科技50ETF,2025-09-19 18:14:22,,,,,,,,,,,,,,,,,,,,,,,,
2025-09-17,0.836,0.859,0.834,0.858,1552307587.0,13318799.1,2.99,2.63,0.022,,513980,港股科技50ETF,2025-09-19 18:14:22,,,,,,,,,,,,,,,,,,,,,,,,
2025-09-16,0.83,0.836,0.822,0.833,1211691900.0,10093393.53,1.69,0.36,0.003,,513980,港股科技50ETF,2025-09-18 22:22:51,,,,,,,,,,,,,,,,,,,,,,,,
2025-09-12,0.823,0.827,0.818,0.82,103864.35,854904146.0,1.11,0.86,0.007,3.64,513980,港股科技50ETF,2025-09-12 22:21:36,-0.15,0.8188,0.813,0.98,-15.83,4912417.0,5474018.0,-8520855.0,-1.0,-18718544.0,-2.19,10197689.0,1.19,14046539.0,1.64,-5525681.0,-0.65,1006.0,0.819,0.82,28500204032.0,23370167306.0,23370167306.0,2025-09-12 16:11:36+08:00
2025-09-11,0.802,0.814,0.792,0.813,1128456100.0,9174348.09,0.0,0.0,0.0,0.0,513980,港股科技50ETF,2025-09-11 22:22:15,0.0,,,,,,,,,,,,,,,,,,,,,,,
2025-09-10,0.811,0.821,0.809,0.81,974228300.0,7891249.23,0.0,0.0,0.0,0.0,513980,港股科技50ETF,2025-09-10 22:21:27,0.0,,,,,,,,,,,,,,,,,,,,,,,
2025-09-09,0.8,0.812,0.796,0.805,921804200.0,7420523.81,0.0,0.0,0.0,0.0,513980,港股科技50ETF,2025-09-09 18:57:38,,,,,,,,,,,,,,,,,,,,,,,,
2025-09-08,0.798,0.804,0.79,0.8,1164388538.0,9315108.3,0.0,0.0,0.0,0.0,513980,港股科技50ETF,2025-09-08 18:27:51,,,,,,,,,,,,,,,,,,,,,,,,
2025-09-05,0.78,0.8,0.779,0.8,1136659600.0,909.33,2.7,2.83,0.022,0.0,513980,港股科技50ETF,2025-09-06 17:14:18,,,,,,,,,,,,,,,,,,,,,,,,
2025-09-04,0.803,0.806,0.773,0.778,1823201700.0,1418.45,4.13,-2.75,-0.022,0.0,513980,港股科技50ETF,2025-09-06 17:14:18,,,,,,,,,,,,,,,,,,,,,,,,
2025-09-03,0.81,0.812,0.797,0.8,1243195000.0,994.56,1.87,-0.5,-0.004,0.0,513980,港股科技50ETF,2025-09-06 17:14:18,,,,,,,,,,,,,,,,,,,,,,,,
2025-09-02,0.811,0.815,0.798,0.804,1385082200.0,1113.61,2.1,-0.62,-0.005,0.0,513980,港股科技50ETF,2025-09-06 17:14:18,,,,,,,,,,,,,,,,,,,,,,,,
2025-09-01,0.812,0.813,0.798,0.809,1603165608.0,1296.96,1.88,1.51,0.012,0.0,513980,港股科技50ETF,2025-09-06 17:14:18,,,,,,,,,,,,,,,,,,,,,,,,
2025-08-29,0.789,0.798,0.781,0.797,2671402253.0,2129.11,2.16,1.27,0.01,0.0,513980,港股科技50ETF,2025-09-06 17:14:18,,,,,,,,,,,,,,,,,,,,,,,,
2025-08-28,0.791,0.792,0.772,0.787,2521959736.0,1984.78,2.5,-1.5,-0.012,0.0,513980,港股科技50ETF,2025-09-06 17:14:18,,,,,,,,,,,,,,,,,,,,,,,,
2025-08-27,0.819,0.823,0.796,0.799,2076504800.0,1659.13,3.33,-1.48,-0.012,0.0,513980,港股科技50ETF,2025-09-06 17:14:18,,,,,,,,,,,,,,,,,,,,,,,,
2025-08-26,0.817,0.822,0.811,0.811,1801157800.0,1460.74,1.33,-1.7,-0.014,0.0,513980,港股科技50ETF,2025-09-06 17:14:18,,,,,,,,,,,,,,,,,,,,,,,,
2025-08-25,0.823,0.829,0.812,0.825,2597525164.0,2142.96,2.12,2.87,0.023,0.0,513980,港股科技50ETF,2025-09-06 17:14:18,,,,,,,,,,,,,,,,,,,,,,,,
2025-08-22,0.789,0.804,0.787,0.802,2122448418.0,1702.2,2.18,2.82,0.022,0.0,513980,港股科技50ETF,2025-09-06 17:14:18,,,,,,,,,,,,,,,,,,,,,,,,
2025-08-21,0.789,0.791,0.778,0.78,1184313400.0,923.76,1.65,-1.27,-0.01,0.0,513980,港股科技50ETF,2025-09-06 17:14:18,,,,,,,,,,,,,,,,,,,,,,,,
2025-08-20,0.783,0.79,0.777,0.79,1198384500.0,946.72,1.65,0.13,0.001,0.0,513980,港股科技50ETF,2025-09-06 17:14:18,,,,,,,,,,,,,,,,,,,,,,,,
2025-08-19,0.801,0.802,0.788,0.789,1332307100.0,1051.19,1.75,-1.62,-0.013,0.0,513980,港股科技50ETF,2025-09-06 17:14:18,,,,,,,,,,,,,,,,,,,,,,,,
2025-08-18,0.79,0.809,0.789,0.802,1328077001.0,1065.12,2.54,2.04,0.016,0.0,513980,港股科技50ETF,2025-09-06 17:14:18,,,,,,,,,,,,,,,,,,,,,,,,
2025-08-15,0.776,0.788,0.776,0.786,1631525300.0,1282.38,1.53,0.38,0.003,0.0,513980,港股科技50ETF,2025-09-06 17:14:18,,,,,,,,,,,,,,,,,,,,,,,,
2025-08-14,0.792,0.795,0.781,0.783,1020498300.0,799.05,1.79,-0.13,-0.001,0.0,513980,港股科技50ETF,2025-09-06 17:14:18,,,,,,,,,,,,,,,,,,,,,,,,
2025-08-13,0.768,0.786,0.767,0.784,1655551600.0,1297.95,2.5,3.16,0.024,0.0,513980,港股科技50ETF,2025-09-06 17:14:18,,,,,,,,,,,,,,,,,,,,,,,,
2025-08-12,0.761,0.763,0.755,0.76,940790800.0,715.0,1.05,-0.39,-0.003,0.0,513980,港股科技50ETF,2025-09-06 17:14:18,,,,,,,,,,,,,,,,,,,,,,,,
2025-08-11,0.764,0.766,0.757,0.763,1063732500.0,811.63,1.18,0.39,0.003,0.0,513980,港股科技50ETF,2025-09-06 17:14:18,,,,,,,,,,,,,,,,,,,,,,,,
2025-08-08,0.769,0.769,0.76,0.76,655559014.0,498.22,1.16,-1.81,-0.014,0.0,513980,港股科技50ETF,2025-09-06 17:14:18,,,,,,,,,,,,,,,,,,,,,,,,
2025-08-07,0.781,0.782,0.769,0.774,1072786500.0,830.34,1.67,-0.64,-0.005,0.0,513980,港股科技50ETF,2025-09-06 17:14:18,,,,,,,,,,,,,,,,,,,,,,,,
2025-08-06,0.773,0.779,0.771,0.779,716032800.0,557.79,1.03,0.65,0.005,0.0,513980,港股科技50ETF,2025-09-06 17:14:18,,,,,,,,,,,,,,,,,,,,,,,,
2025-08-05,0.767,0.774,0.765,0.774,864925678.0,669.45,1.17,1.04,0.008,0.0,513980,港股科技50ETF,2025-09-06 17:14:18,,,,,,,,,,,,,,,,,,,,,,,,
2025-08-04,0.752,0.767,0.746,0.766,1575611450.0,1206.92,2.76,0.52,0.004,0.0,513980,港股科技50ETF,2025-09-06 17:14:18,,,,,,,,,,,,,,,,,,,,,,,,
2025-08-01,0.766,0.772,0.756,0.762,1351343600.0,1029.72,2.09,-0.39,-0.003,0.0,513980,港股科技50ETF,2025-09-06 17:14:18,,,,,,,,,,,,,,,,,,,,,,,,
2025-07-31,0.763,0.775,0.761,0.765,1575862577.0,1205.53,1.83,-0.13,-0.001,0.0,513980,港股科技50ETF,2025-09-06 17:14:18,,,,,,,,,,,,,,,,,,,,,,,,
2025-07-30,0.781,0.787,0.764,0.766,2071950782.0,1587.11,2.92,-2.67,-0.021,0.0,513980,港股科技50ETF,2025-09-06 17:14:18,,,,,,,,,,,,,,,,,,,,,,,,
2025-07-29,0.782,0.788,0.773,0.787,1260264100.0,991.83,1.91,0.25,0.002,0.0,513980,港股科技50ETF,2025-09-06 17:14:18,,,,,,,,,,,,,,,,,,,,,,,,
2025-07-28,0.782,0.785,0.776,0.785,932580200.0,732.08,1.16,1.03,0.008,0.0,513980,港股科技50ETF,2025-09-06 17:14:18,,,,,,,,,,,,,,,,,,,,,,,,
2025-07-25,0.783,0.785,0.774,0.777,1264347200.0,982.4,1.39,-1.52,-0.012,0.0,513980,港股科技50ETF,2025-09-06 17:14:18,,,,,,,,,,,,,,,,,,,,,,,,
2025-07-24,0.781,0.792,0.779,0.789,1231370000.0,971.55,1.66,1.02,0.008,0.0,513980,港股科技50ETF,2025-09-06 17:14:18,,,,,,,,,,,,,,,,,,,,,,,,
2025-07-23,0.771,0.783,0.766,0.781,1331307200.0,1039.75,2.22,2.09,0.016,0.0,513980,港股科技50ETF,2025-09-06 17:14:18,,,,,,,,,,,,,,,,,,,,,,,,
2025-07-22,0.765,0.768,0.761,0.765,1160788159.0,888.0,0.92,0.26,0.002,0.0,513980,港股科技50ETF,2025-09-06 17:14:18,,,,,,,,,,,,,,,,,,,,,,,,
2025-07-21,0.767,0.769,0.757,0.763,1103937700.0,842.3,1.58,0.53,0.004,0.0,513980,港股科技50ETF,2025-09-06 17:14:18,,,,,,,,,,,,,,,,,,,,,,,,
2025-07-18,0.759,0.763,0.753,0.759,1201277400.0,911.77,1.33,0.93,0.007,0.0,513980,港股科技50ETF,2025-09-06 17:14:18,,,,,,,,,,,,,,,,,,,,,,,,
2025-07-17,0.739,0.755,0.739,0.752,1275670100.0,959.3,2.16,1.35,0.01,0.0,513980,港股科技50ETF,2025-09-06 17:14:18,,,,,,,,,,,,,,,,,,,,,,,,
2025-07-16,0.745,0.753,0.738,0.742,1460697638.0,1083.84,2.04,0.95,0.007,0.0,513980,港股科技50ETF,2025-09-06 17:14:18,,,,,,,,,,,,,,,,,,,,,,,,
2025-07-15,0.722,0.739,0.72,0.735,2166222300.0,1592.17,2.65,2.37,0.017,0.0,513980,港股科技50ETF,2025-09-06 17:14:18,,,,,,,,,,,,,,,,,,,,,,,,
2025-07-14,0.715,0.72,0.711,0.718,1508411600.0,1083.04,1.26,0.14,0.001,0.0,513980,港股科技50ETF,2025-09-06 17:14:18,,,,,,,,,,,,,,,,,,,,,,,,
2025-07-11,0.708,0.722,0.707,0.717,1535607462.0,1101.03,2.12,1.27,0.009,0.0,513980,港股科技50ETF,2025-09-06 17:14:18,,,,,,,,,,,,,,,,,,,,,,,,
2025-07-10,0.706,0.71,0.702,0.708,800022600.0,566.42,1.13,0.14,0.001,0.0,513980,港股科技50ETF,2025-09-06 17:14:18,,,,,,,,,,,,,,,,,,,,,,,,
2025-07-09,0.712,0.715,0.705,0.707,794594322.0,561.78,1.4,-0.98,-0.007,0.0,513980,港股科技50ETF,2025-09-06 17:14:18,,,,,,,,,,,,,,,,,,,,,,,,
2025-07-08,0.705,0.717,0.705,0.714,1057472141.0,755.04,1.71,1.56,0.011,0.0,513980,港股科技50ETF,2025-09-06 17:14:18,,,,,,,,,,,,,,,,,,,,,,,,
2025-07-07,0.703,0.707,0.7,0.703,1127157700.0,792.39,0.99,-0.42,-0.003,0.0,513980,港股科技50ETF,2025-09-06 17:14:18,,,,,,,,,,,,,,,,,,,,,,,,
2025-07-04,0.706,0.716,0.696,0.706,2286902206.0,1614.55,2.82,-0.56,-0.004,0.0,513980,港股科技50ETF,2025-09-06 17:14:18,,,,,,,,,,,,,,,,,,,,,,,,
2025-07-03,0.71,0.711,0.701,0.71,1185662000.0,841.82,1.41,0.14,0.001,0.0,513980,港股科技50ETF,2025-09-06 17:14:18,,,,,,,,,,,,,,,,,,,,,,,,
2025-07-02,0.72,0.721,0.708,0.709,996530400.0,706.54,1.82,-0.98,-0.007,0.0,513980,港股科技50ETF,2025-09-06 17:14:18,,,,,,,,,,,,,,,,,,,,,,,,
2025-07-01,0.717,0.72,0.713,0.716,435290700.0,311.67,0.97,-0.28,-0.002,0.0,513980,港股科技50ETF,2025-09-06 17:14:18,,,,,,,,,,,,,,,,,,,,,,,,
2025-06-30,0.717,0.721,0.713,0.718,1289502500.0,925.86,1.12,0.14,0.001,0.0,513980,港股科技50ETF,2025-09-06 17:14:18,,,,,,,,,,,,,,,,,,,,,,,,
2025-06-27,0.719,0.722,0.714,0.717,1001797300.0,718.29,1.12,0.42,0.003,0.0,513980,港股科技50ETF,2025-09-06 17:14:18,,,,,,,,,,,,,,,,,,,,,,,,
2025-06-26,0.721,0.724,0.712,0.714,1209800700.0,863.8,1.65,-1.79,-0.013,0.0,513980,港股科技50ETF,2025-09-06 17:14:18,,,,,,,,,,,,,,,,,,,,,,,,
2025-06-25,0.726,0.728,0.719,0.727,1601796200.0,1164.51,1.25,0.97,0.007,0.0,513980,港股科技50ETF,2025-09-06 17:14:18,,,,,,,,,,,,,,,,,,,,,,,,
2025-06-24,0.706,0.722,0.706,0.72,1431380000.0,1030.59,2.28,2.71,0.019,0.0,513980,港股科技50ETF,2025-09-06 17:14:18,,,,,,,,,,,,,,,,,,,,,,,,
2025-06-23,0.685,0.703,0.681,0.701,1119924367.0,785.07,3.2,1.89,0.013,0.0,513980,港股科技50ETF,2025-09-06 17:14:18,,,,,,,,,,,,,,,,,,,,,,,,
2025-06-20,0.687,0.692,0.685,0.688,814094800.0,560.1,1.02,0.44,0.003,0.0,513980,港股科技50ETF,2025-09-06 17:14:18,,,,,,,,,,,,,,,,,,,,,,,,
2025-06-19,0.699,0.703,0.683,0.685,1092212600.0,748.17,2.85,-2.42,-0.017,0.0,513980,港股科技50ETF,2025-09-06 17:14:18,,,,,,,,,,,,,,,,,,,,,,,,
2025-06-18,0.707,0.707,0.698,0.702,819153115.0,575.05,1.27,-1.13,-0.008,0.0,513980,港股科技50ETF,2025-09-06 17:14:18,,,,,,,,,,,,,,,,,,,,,,,,
2025-06-17,0.717,0.72,0.707,0.71,929265600.0,659.78,1.82,-0.56,-0.004,0.0,513980,港股科技50ETF,2025-09-06 17:14:18,,,,,,,,,,,,,,,,,,,,,,,,
2025-06-16,0.705,0.715,0.701,0.714,1436653021.0,1025.77,1.98,0.99,0.007,0.0,513980,港股科技50ETF,2025-09-06 17:14:18,,,,,,,,,,,,,,,,,,,,,,,,
2025-06-13,0.717,0.719,0.702,0.707,1602899000.0,1133.25,2.34,-2.48,-0.018,0.0,513980,港股科技50ETF,2025-09-06 17:14:18,,,,,,,,,,,,,,,,,,,,,,,,
2025-06-12,0.726,0.731,0.724,0.725,1069213481.0,775.18,0.95,-1.23,-0.009,0.0,513980,港股科技50ETF,2025-09-06 17:14:18,,,,,,,,,,,,,,,,,,,,,,,,
2025-06-11,0.726,0.738,0.726,0.734,1089904800.0,799.99,1.66,1.52,0.011,0.0,513980,港股科技50ETF,2025-09-06 17:14:18,,,,,,,,,,,,,,,,,,,,,,,,
2025-06-10,0.725,0.73,0.715,0.723,1474840163.0,1066.31,2.07,0.0,0.0,0.0,513980,港股科技50ETF,2025-09-06 17:14:18,,,,,,,,,,,,,,,,,,,,,,,,
2025-06-09,0.713,0.728,0.711,0.723,1028625800.0,743.7,2.39,1.83,0.013,0.0,513980,港股科技50ETF,2025-09-06 17:14:18,,,,,,,,,,,,,,,,,,,,,,,,
2025-06-06,0.713,0.713,0.703,0.71,1124522200.0,798.41,1.41,0.0,0.0,0.0,513980,港股科技50ETF,2025-09-06 17:14:18,,,,,,,,,,,,,,,,,,,,,,,,
2025-06-05,0.708,0.712,0.701,0.71,2107069800.0,1496.02,1.57,1.43,0.01,0.0,513980,港股科技50ETF,2025-09-06 17:14:18,,,,,,,,,,,,,,,,,,,,,,,,
2025-06-04,0.691,0.706,0.691,0.7,1767840000.0,1237.49,2.18,1.6,0.011,0.0,513980,港股科技50ETF,2025-09-06 17:14:18,,,,,,,,,,,,,,,,,,,,,,,,
2025-06-03,0.684,0.691,0.684,0.689,2013257067.0,1387.13,1.02,0.88,0.006,0.0,513980,港股科技50ETF,2025-09-06 17:14:18,,,,,,,,,,,,,,,,,,,,,,,,
2025-05-30,0.692,0.694,0.681,0.683,1322293100.0,903.13,1.86,-2.15,-0.015,0.0,513980,港股科技50ETF,2025-09-06 17:14:18,,,,,,,,,,,,,,,,,,,,,,,,
2025-05-29,0.687,0.701,0.685,0.698,2221314800.0,1550.48,2.33,1.75,0.012,0.0,513980,港股科技50ETF,2025-09-06 17:14:18,,,,,,,,,,,,,,,,,,,,,,,,
2025-05-28,0.695,0.695,0.684,0.686,733656941.0,503.29,1.6,-0.44,-0.003,0.0,513980,港股科技50ETF,2025-09-06 17:14:18,,,,,,,,,,,,,,,,,,,,,,,,
2025-05-27,0.683,0.691,0.68,0.689,1133034940.0,780.66,1.6,0.44,0.003,0.0,513980,港股科技50ETF,2025-09-06 17:14:18,,,,,,,,,,,,,,,,,,,,,,,,
2025-05-26,0.707,0.709,0.686,0.686,1378295684.0,945.51,3.25,-3.11,-0.022,0.0,513980,港股科技50ETF,2025-09-06 17:14:18,,,,,,,,,,,,,,,,,,,,,,,,
2025-05-23,0.713,0.723,0.708,0.708,1825709400.0,1292.6,2.11,-0.28,-0.002,0.0,513980,港股科技50ETF,2025-09-06 17:14:18,,,,,,,,,,,,,,,,,,,,,,,,
2025-05-22,0.722,0.724,0.709,0.71,1358684600.0,964.67,2.08,-1.39,-0.01,0.0,513980,港股科技50ETF,2025-09-06 17:14:18,,,,,,,,,,,,,,,,,,,,,,,,
2025-05-21,0.715,0.726,0.714,0.72,1267028600.0,912.26,1.68,0.98,0.007,0.0,513980,港股科技50ETF,2025-09-06 17:14:18,,,,,,,,,,,,,,,,,,,,,,,,
2025-05-20,0.701,0.716,0.701,0.713,1228270503.0,875.76,2.15,2.0,0.014,0.0,513980,港股科技50ETF,2025-09-06 17:14:18,,,,,,,,,,,,,,,,,,,,,,,,
2025-05-19,0.697,0.702,0.685,0.699,1115107675.0,779.46,2.42,-0.43,-0.003,0.0,513980,港股科技50ETF,2025-09-06 17:14:18,,,,,,,,,,,,,,,,,,,,,,,,
2025-05-16,0.692,0.703,0.69,0.702,929522689.0,652.52,1.86,0.43,0.003,0.0,513980,港股科技50ETF,2025-09-06 17:14:18,,,,,,,,,,,,,,,,,,,,,,,,
2025-05-15,0.704,0.714,0.697,0.699,1303283200.0,910.99,2.41,-0.71,-0.005,0.0,513980,港股科技50ETF,2025-09-06 17:14:18,,,,,,,,,,,,,,,,,,,,,,,,
2025-05-14,0.696,0.704,0.695,0.704,2508907100.0,1766.27,1.3,1.73,0.012,0.0,513980,港股科技50ETF,2025-09-06 17:14:18,,,,,,,,,,,,,,,,,,,,,,,,
2025-05-13,0.71,0.71,0.69,0.692,1710633900.0,1183.76,2.86,-1.0,-0.007,0.0,513980,港股科技50ETF,2025-09-06 17:14:18,,,,,,,,,,,,,,,,,,,,,,,,
2025-05-12,0.701,0.702,0.688,0.699,1265388528.0,884.51,2.03,1.3,0.009,0.0,513980,港股科技50ETF,2025-09-06 17:14:18,,,,,,,,,,,,,,,,,,,,,,,,
2025-05-09,0.696,0.698,0.685,0.69,1171442457.0,808.3,1.87,-0.72,-0.005,0.0,513980,港股科技50ETF,2025-09-06 17:14:18,,,,,,,,,,,,,,,,,,,,,,,,
2025-05-08,0.691,0.702,0.689,0.695,1277293500.0,887.72,1.87,0.0,0.0,0.0,513980,港股科技50ETF,2025-09-06 17:14:18,,,,,,,,,,,,,,,,,,,,,,,,
2025-05-07,0.72,0.723,0.692,0.695,1982564500.0,1377.88,4.39,-1.56,-0.011,0.0,513980,港股科技50ETF,2025-09-06 17:14:18,,,,,,,,,,,,,,,,,,,,,,,,
2025-05-06,0.705,0.707,0.696,0.706,1570648300.0,1108.88,1.6,2.92,0.02,0.0,513980,港股科技50ETF,2025-09-06 17:14:18,,,,,,,,,,,,,,,,,,,,,,,,
2025-04-30,0.68,0.687,0.675,0.686,1200632000.0,823.63,1.77,1.33,0.009,0.0,513980,港股科技50ETF,2025-09-06 17:14:18,,,,,,,,,,,,,,,,,,,,,,,,
2025-04-29,0.681,0.687,0.675,0.677,1336615700.0,904.89,1.77,-0.29,-0.002,0.0,513980,港股科技50ETF,2025-09-06 17:14:18,,,,,,,,,,,,,,,,,,,,,,,,
2025-04-28,0.684,0.684,0.67,0.679,1103449700.0,749.24,2.04,-0.88,-0.006,0.0,513980,港股科技50ETF,2025-09-06 17:14:18,,,,,,,,,,,,,,,,,,,,,,,,
2025-04-25,0.689,0.694,0.681,0.685,1351474000.0,925.76,1.92,1.18,0.008,0.0,513980,港股科技50ETF,2025-09-06 17:14:18,,,,,,,,,,,,,,,,,,,,,,,,
2025-04-24,0.691,0.696,0.672,0.677,2606275200.0,1764.45,3.48,-1.88,-0.013,0.0,513980,港股科技50ETF,2025-09-06 17:14:18,,,,,,,,,,,,,,,,,,,,,,,,
2025-04-23,0.684,0.693,0.679,0.69,1808493524.0,1247.86,2.12,4.55,0.03,0.0,513980,港股科技50ETF,2025-09-06 17:14:18,,,,,,,,,,,,,,,,,,,,,,,,
2025-04-22,0.65,0.668,0.646,0.66,3075167600.0,2029.61,3.38,1.54,0.01,0.0,513980,港股科技50ETF,2025-09-06 17:14:18,,,,,,,,,,,,,,,,,,,,,,,,
2025-04-21,0.642,0.651,0.641,0.65,419880700.0,272.92,1.56,1.4,0.009,0.0,513980,港股科技50ETF,2025-09-06 17:14:18,,,,,,,,,,,,,,,,,,,,,,,,
2025-04-18,0.643,0.643,0.64,0.641,231292900.0,148.26,0.47,-0.47,-0.003,0.0,513980,港股科技50ETF,2025-09-06 17:14:18,,,,,,,,,,,,,,,,,,,,,,,,
2025-04-17,0.636,0.651,0.634,0.644,1654729890.0,1065.65,2.66,0.78,0.005,0.0,513980,港股科技50ETF,2025-09-06 17:14:18,,,,,,,,,,,,,,,,,,,,,,,,
2025-04-16,0.657,0.659,0.633,0.639,1801315205.0,1151.04,3.92,-3.62,-0.024,0.0,513980,港股科技50ETF,2025-09-06 17:14:18,,,,,,,,,,,,,,,,,,,,,,,,
2025-04-15,0.674,0.676,0.658,0.663,1697334700.0,1125.33,2.7,-0.6,-0.004,0.0,513980,港股科技50ETF,2025-09-06 17:14:18,,,,,,,,,,,,,,,,,,,,,,,,
2025-04-14,0.68,0.68,0.665,0.667,1979493700.0,1320.32,2.28,1.52,0.01,0.0,513980,港股科技50ETF,2025-09-06 17:14:18,,,,,,,,,,,,,,,,,,,,,,,,
2025-04-11,0.639,0.668,0.634,0.657,2783191378.0,1828.56,5.32,2.82,0.018,0.0,513980,港股科技50ETF,2025-09-06 17:14:18,,,,,,,,,,,,,,,,,,,,,,,,
2025-04-10,0.642,0.669,0.638,0.639,3975808103.0,2540.54,5.08,4.75,0.029,0.0,513980,港股科技50ETF,2025-09-06 17:14:18,,,,,,,,,,,,,,,,,,,,,,,,
2025-04-09,0.578,0.62,0.566,0.61,4168805314.0,2542.97,9.05,2.18,0.013,0.0,513980,港股科技50ETF,2025-09-06 17:14:18,,,,,,,,,,,,,,,,,,,,,,,,
2025-04-08,0.625,0.634,0.58,0.597,3824771785.0,2283.39,8.52,-5.84,-0.037,0.0,513980,港股科技50ETF,2025-09-06 17:14:18,,,,,,,,,,,,,,,,,,,,,,,,
2025-04-07,0.644,0.646,0.634,0.634,789171895.0,500.33,1.7,-9.94,-0.07,0.0,513980,港股科技50ETF,2025-09-06 17:14:18,,,,,,,,,,,,,,,,,,,,,,,,
2025-04-03,0.706,0.715,0.697,0.704,1608880000.0,1132.65,2.5,-2.09,-0.015,0.0,513980,港股科技50ETF,2025-09-06 17:14:18,,,,,,,,,,,,,,,,,,,,,,,,
2025-04-02,0.717,0.731,0.71,0.719,1413889500.0,1016.59,2.9,-0.55,-0.004,0.0,513980,港股科技50ETF,2025-09-06 17:14:18,,,,,,,,,,,,,,,,,,,,,,,,
2025-04-01,0.724,0.736,0.719,0.723,1731430566.0,1251.82,2.37,0.84,0.006,0.0,513980,港股科技50ETF,2025-09-06 17:14:18,,,,,,,,,,,,,,,,,,,,,,,,
2025-03-31,0.722,0.729,0.708,0.717,1503064500.0,1077.7,2.88,-1.51,-0.011,0.0,513980,港股科技50ETF,2025-09-06 17:14:18,,,,,,,,,,,,,,,,,,,,,,,,
2025-03-28,0.744,0.75,0.723,0.728,1599990400.0,1164.79,3.63,-2.02,-0.015,0.0,513980,港股科技50ETF,2025-09-06 17:14:18,,,,,,,,,,,,,,,,,,,,,,,,
2025-03-27,0.734,0.752,0.722,0.743,1570959866.0,1167.22,4.1,1.64,0.012,0.0,513980,港股科技50ETF,2025-09-06 17:14:18,,,,,,,,,,,,,,,,,,,,,,,,
2025-03-26,0.726,0.736,0.726,0.731,1018623000.0,744.61,1.38,0.97,0.007,0.0,513980,港股科技50ETF,2025-09-06 17:14:18,,,,,,,,,,,,,,,,,,,,,,,,
2025-03-25,0.738,0.743,0.721,0.724,1826990753.0,1322.74,2.96,-2.69,-0.02,0.0,513980,港股科技50ETF,2025-09-06 17:14:18,,,,,,,,,,,,,,,,,,,,,,,,
2025-03-24,0.742,0.747,0.734,0.744,1557034399.0,1158.43,1.75,0.4,0.003,0.0,513980,港股科技50ETF,2025-09-06 17:14:18,,,,,,,,,,,,,,,,,,,,,,,,
2025-03-21,0.767,0.77,0.733,0.741,2464218200.0,1825.99,4.78,-4.26,-0.033,0.0,513980,港股科技50ETF,2025-09-06 17:14:18,,,,,,,,,,,,,,,,,,,,,,,,
2025-03-20,0.787,0.788,0.77,0.774,1479398000.0,1145.05,2.28,-1.78,-0.014,0.0,513980,港股科技50ETF,2025-09-06 17:14:18,,,,,,,,,,,,,,,,,,,,,,,,
2025-03-19,0.785,0.793,0.777,0.788,1571811867.0,1238.59,2.03,0.13,0.001,0.0,513980,港股科技50ETF,2025-09-06 17:14:18,,,,,,,,,,,,,,,,,,,,,,,,
2025-03-18,0.781,0.789,0.777,0.787,1602361242.0,1261.06,1.57,3.28,0.025,0.0,513980,港股科技50ETF,2025-09-06 17:14:18,,,,,,,,,,,,,,,,,,,,,,,,
2025-03-17,0.77,0.771,0.754,0.762,1435575372.0,1093.91,2.22,-0.39,-0.003,0.0,513980,港股科技50ETF,2025-09-06 17:14:18,,,,,,,,,,,,,,,,,,,,,,,,
2025-03-14,0.749,0.767,0.74,0.765,2126387346.0,1626.69,3.67,3.94,0.029,0.0,513980,港股科技50ETF,2025-09-06 17:14:18,,,,,,,,,,,,,,,,,,,,,,,,
2025-03-13,0.749,0.754,0.728,0.736,2183991067.0,1607.42,3.49,-1.21,-0.009,0.0,513980,港股科技50ETF,2025-09-06 17:14:18,,,,,,,,,,,,,,,,,,,,,,,,
2025-03-12,0.769,0.771,0.741,0.745,2028857600.0,1511.5,3.99,-0.93,-0.007,0.0,513980,港股科技50ETF,2025-09-06 17:14:18,,,,,,,,,,,,,,,,,,,,,,,,
2025-03-11,0.732,0.761,0.73,0.752,2869888600.0,2158.16,4.14,0.53,0.004,0.0,513980,港股科技50ETF,2025-09-06 17:14:18,,,,,,,,,,,,,,,,,,,,,,,,
2025-03-10,0.769,0.775,0.741,0.748,2582811100.0,1931.94,4.43,-2.48,-0.019,0.0,513980,港股科技50ETF,2025-09-06 17:14:18,,,,,,,,,,,,,,,,,,,,,,,,
2025-03-07,0.766,0.786,0.76,0.767,3801313301.0,2915.61,3.38,-0.26,-0.002,0.0,513980,港股科技50ETF,2025-09-06 17:14:18,,,,,,,,,,,,,,,,,,,,,,,,
2025-03-06,0.757,0.787,0.756,0.769,3093580600.0,2378.96,4.21,4.34,0.032,0.0,513980,港股科技50ETF,2025-09-06 17:14:18,,,,,,,,,,,,,,,,,,,,,,,,
2025-03-05,0.724,0.741,0.72,0.737,2344838923.0,1728.15,2.93,2.79,0.02,0.0,513980,港股科技50ETF,2025-09-06 17:14:18,,,,,,,,,,,,,,,,,,,,,,,,
2025-03-04,0.703,0.728,0.694,0.717,2910944950.0,2087.15,4.72,-0.42,-0.003,0.0,513980,港股科技50ETF,2025-09-06 17:14:18,,,,,,,,,,,,,,,,,,,,,,,,
2025-03-03,0.732,0.745,0.714,0.72,2903620368.0,2090.61,4.29,-0.28,-0.002,0.0,513980,港股科技50ETF,2025-09-06 17:14:18,,,,,,,,,,,,,,,,,,,,,,,,
2025-02-28,0.771,0.771,0.721,0.722,3901071501.0,2816.57,6.49,-6.23,-0.048,0.0,513980,港股科技50ETF,2025-09-06 17:14:18,,,,,,,,,,,,,,,,,,,,,,,,
2025-02-27,0.779,0.793,0.752,0.77,2767647209.0,2131.09,5.29,-0.65,-0.005,0.0,513980,港股科技50ETF,2025-09-06 17:14:18,,,,,,,,,,,,,,,,,,,,,,,,
2025-02-26,0.748,0.776,0.745,0.775,2147407200.0,1664.24,4.22,5.44,0.04,0.0,513980,港股科技50ETF,2025-09-06 17:14:18,,,,,,,,,,,,,,,,,,,,,,,,
2025-02-25,0.718,0.75,0.71,0.735,2137975200.0,1571.41,5.38,-1.21,-0.009,0.0,513980,港股科技50ETF,2025-09-06 17:14:18,,,,,,,,,,,,,,,,,,,,,,,,
2025-02-24,0.741,0.754,0.73,0.744,2013346500.0,1497.93,3.24,0.4,0.003,0.0,513980,港股科技50ETF,2025-09-06 17:14:18,,,,,,,,,,,,,,,,,,,,,,,,
2025-02-21,0.716,0.743,0.716,0.741,2352052200.0,1742.87,3.85,5.71,0.04,0.0,513980,港股科技50ETF,2025-09-06 17:14:18,,,,,,,,,,,,,,,,,,,,,,,,
2025-02-20,0.71,0.717,0.691,0.701,1625086800.0,1139.19,3.63,-2.09,-0.015,0.0,513980,港股科技50ETF,2025-09-06 17:14:18,,,,,,,,,,,,,,,,,,,,,,,,
2025-02-19,0.7,0.717,0.696,0.716,1268724198.0,908.41,2.99,1.85,0.013,0.0,513980,港股科技50ETF,2025-09-06 17:14:18,,,,,,,,,,,,,,,,,,,,,,,,
2025-02-18,0.692,0.715,0.689,0.703,1648588500.0,1158.96,3.77,2.03,0.014,0.0,513980,港股科技50ETF,2025-09-06 17:14:18,,,,,,,,,,,,,,,,,,,,,,,,
2025-02-17,0.694,0.701,0.671,0.689,1829638900.0,1260.62,4.44,1.92,0.013,0.0,513980,港股科技50ETF,2025-09-06 17:14:18,,,,,,,,,,,,,,,,,,,,,,,,
2025-02-14,0.654,0.677,0.654,0.676,1443484700.0,975.8,3.5,2.74,0.018,0.0,513980,港股科技50ETF,2025-09-06 17:14:18,,,,,,,,,,,,,,,,,,,,,,,,
2025-02-13,0.658,0.677,0.656,0.658,1295335500.0,852.33,3.21,0.46,0.003,0.0,513980,港股科技50ETF,2025-09-06 17:14:18,,,,,,,,,,,,,,,,,,,,,,,,
2025-02-12,0.642,0.658,0.635,0.655,1098956988.0,719.82,3.61,2.66,0.017,0.0,513980,港股科技50ETF,2025-09-06 17:14:18,,,,,,,,,,,,,,,,,,,,,,,,
2025-02-11,0.654,0.654,0.635,0.638,861451900.0,549.61,2.92,-1.85,-0.012,0.0,513980,港股科技50ETF,2025-09-06 17:14:18,,,,,,,,,,,,,,,,,,,,,,,,
2025-02-10,0.643,0.651,0.64,0.65,940823555.0,611.54,1.73,2.2,0.014,0.0,513980,港股科技50ETF,2025-09-06 17:14:18,,,,,,,,,,,,,,,,,,,,,,,,
2025-02-07,0.624,0.644,0.62,0.636,1569751000.0,998.36,3.87,2.58,0.016,0.0,513980,港股科技50ETF,2025-09-06 17:14:18,,,,,,,,,,,,,,,,,,,,,,,,
2025-02-06,0.603,0.621,0.6,0.62,691694800.0,428.85,3.51,3.51,0.021,0.0,513980,港股科技50ETF,2025-09-06 17:14:18,,,,,,,,,,,,,,,,,,,,,,,,
2025-02-05,0.599,0.605,0.589,0.599,1061030165.0,635.56,2.82,5.46,0.031,0.0,513980,港股科技50ETF,2025-09-06 17:14:18,,,,,,,,,,,,,,,,,,,,,,,,
2025-01-27,0.568,0.574,0.566,0.568,521450380.0,296.18,1.42,1.07,0.006,0.0,513980,港股科技50ETF,2025-09-06 17:14:18,,,,,,,,,,,,,,,,,,,,,,,,
2025-01-24,0.552,0.565,0.552,0.562,851229100.0,478.39,2.37,2.55,0.014,0.0,513980,港股科技50ETF,2025-09-06 17:14:18,,,,,,,,,,,,,,,,,,,,,,,,
2025-01-23,0.561,0.567,0.547,0.548,542182600.0,297.12,3.6,-1.44,-0.008,0.0,513980,港股科技50ETF,2025-09-06 17:14:18,,,,,,,,,,,,,,,,,,,,,,,,
2025-01-22,0.564,0.566,0.555,0.556,456015300.0,253.54,1.95,-1.59,-0.009,0.0,513980,港股科技50ETF,2025-09-06 17:14:18,,,,,,,,,,,,,,,,,,,,,,,,
2025-01-21,0.564,0.571,0.56,0.565,1155232000.0,652.71,1.96,0.89,0.005,0.0,513980,港股科技50ETF,2025-09-06 17:14:18,,,,,,,,,,,,,,,,,,,,,,,,
2025-01-20,0.556,0.567,0.556,0.56,932811200.0,522.37,2.01,2.19,0.012,0.0,513980,港股科技50ETF,2025-09-06 17:14:18,,,,,,,,,,,,,,,,,,,,,,,,
2025-01-17,0.541,0.549,0.538,0.548,529411681.0,290.12,2.04,1.67,0.009,0.0,513980,港股科技50ETF,2025-09-06 17:14:18,,,,,,,,,,,,,,,,,,,,,,,,
2025-01-16,0.538,0.55,0.533,0.539,540180623.0,291.16,3.19,1.13,0.006,0.0,513980,港股科技50ETF,2025-09-06 17:14:18,,,,,,,,,,,,,,,,,,,,,,,,
2025-01-15,0.535,0.538,0.53,0.533,469970600.0,250.49,1.49,-0.56,-0.003,0.0,513980,港股科技50ETF,2025-09-06 17:14:18,,,,,,,,,,,,,,,,,,,,,,,,
2025-01-14,0.517,0.539,0.517,0.536,615167777.0,329.73,4.28,4.28,0.022,0.0,513980,港股科技50ETF,2025-09-06 17:14:18,,,,,,,,,,,,,,,,,,,,,,,,
2025-01-13,0.517,0.518,0.511,0.514,509866400.0,262.07,1.34,-1.34,-0.007,0.0,513980,港股科技50ETF,2025-09-06 17:14:18,,,,,,,,,,,,,,,,,,,,,,,,
2025-01-10,0.53,0.533,0.52,0.521,375293700.0,195.53,2.46,-1.51,-0.008,0.0,513980,港股科技50ETF,2025-09-06 17:14:18,,,,,,,,,,,,,,,,,,,,,,,,
2025-01-09,0.524,0.535,0.524,0.529,668897900.0,353.85,2.1,0.76,0.004,0.0,513980,港股科技50ETF,2025-09-06 17:14:18,,,,,,,,,,,,,,,,,,,,,,,,
2025-01-08,0.533,0.536,0.52,0.525,479661896.0,251.82,3.0,-1.5,-0.008,0.0,513980,港股科技50ETF,2025-09-06 17:14:18,,,,,,,,,,,,,,,,,,,,,,,,
2025-01-07,0.538,0.542,0.526,0.533,682177700.0,363.6,2.95,-1.66,-0.009,0.0,513980,港股科技50ETF,2025-09-06 17:14:18,,,,,,,,,,,,,,,,,,,,,,,,
2025-01-06,0.545,0.548,0.54,0.542,409390629.0,221.89,1.48,0.18,0.001,0.0,513980,港股科技50ETF,2025-09-06 17:14:18,,,,,,,,,,,,,,,,,,,,,,,,
2025-01-03,0.541,0.55,0.537,0.541,520228000.0,281.44,2.41,0.37,0.002,0.0,513980,港股科技50ETF,2025-09-06 17:14:18,,,,,,,,,,,,,,,,,,,,,,,,
2025-01-02,0.548,0.55,0.537,0.539,582674500.0,314.06,2.38,-1.28,-0.007,0.0,513980,港股科技50ETF,2025-09-06 17:14:18,,,,,,,,,,,,,,,,,,,,,,,,
2024-12-31,0.558,0.559,0.546,0.546,862631933.0,471.0,2.33,-2.33,-0.013,0.0,513980,港股科技50ETF,2025-09-06 17:14:18,,,,,,,,,,,,,,,,,,,,,,,,
2024-12-30,0.561,0.563,0.554,0.559,565592700.0,316.17,1.61,0.0,0.0,0.0,513980,港股科技50ETF,2025-09-06 17:14:18,,,,,,,,,,,,,,,,,,,,,,,,
2024-12-27,0.562,0.566,0.558,0.559,573252500.0,320.45,1.43,-0.18,-0.001,0.0,513980,港股科技50ETF,2025-09-06 17:14:18,,,,,,,,,,,,,,,,,,,,,,,,
2024-12-26,0.558,0.561,0.558,0.56,68254400.0,38.22,0.54,0.18,0.001,0.0,513980,港股科技50ETF,2025-09-06 17:14:18,,,,,,,,,,,,,,,,,,,,,,,,
2024-12-25,0.56,0.562,0.558,0.559,61609200.0,34.44,0.71,-0.18,-0.001,0.0,513980,港股科技50ETF,2025-09-06 17:14:18,,,,,,,,,,,,,,,,,,,,,,,,
2024-12-24,0.551,0.56,0.55,0.56,413611300.0,231.62,1.82,2.0,0.011,0.0,513980,港股科技50ETF,2025-09-06 17:14:18,,,,,,,,,,,,,,,,,,,,,,,,
2024-12-23,0.553,0.555,0.547,0.549,353219200.0,193.92,1.45,-0.54,-0.003,0.0,513980,港股科技50ETF,2025-09-06 17:14:18,,,,,,,,,,,,,,,,,,,,,,,,
2024-12-20,0.547,0.555,0.545,0.552,489350100.0,270.12,1.81,0.18,0.001,0.0,513980,港股科技50ETF,2025-09-06 17:14:18,,,,,,,,,,,,,,,,,,,,,,,,
2024-12-19,0.544,0.551,0.54,0.551,539998100.0,297.54,2.0,0.36,0.002,0.0,513980,港股科技50ETF,2025-09-06 17:14:18,,,,,,,,,,,,,,,,,,,,,,,,
2024-12-18,0.545,0.552,0.545,0.549,330272010.0,181.32,1.29,1.48,0.008,0.0,513980,港股科技50ETF,2025-09-06 17:14:18,,,,,,,,,,,,,,,,,,,,,,,,
2024-12-17,0.539,0.55,0.537,0.541,551385600.0,298.3,2.41,0.19,0.001,0.0,513980,港股科技50ETF,2025-09-06 17:14:18,,,,,,,,,,,,,,,,,,,,,,,,
2024-12-16,0.553,0.553,0.539,0.54,510657400.0,275.75,2.54,-2.17,-0.012,0.0,513980,港股科技50ETF,2025-09-06 17:14:18,,,,,,,,,,,,,,,,,,,,,,,,
2024-12-13,0.563,0.563,0.551,0.552,575215400.0,317.52,2.11,-2.82,-0.016,0.0,513980,港股科技50ETF,2025-09-06 17:14:18,,,,,,,,,,,,,,,,,,,,,,,,
2024-12-12,0.557,0.57,0.554,0.568,833700464.0,473.54,2.87,1.97,0.011,0.0,513980,港股科技50ETF,2025-09-06 17:14:18,,,,,,,,,,,,,,,,,,,,,,,,
2024-12-11,0.563,0.566,0.554,0.557,429318300.0,239.13,2.13,-1.24,-0.007,0.0,513980,港股科技50ETF,2025-09-06 17:14:18,,,,,,,,,,,,,,,,,,,,,,,,
2024-12-10,0.585,0.591,0.562,0.564,1063091300.0,599.58,5.24,1.99,0.011,0.0,513980,港股科技50ETF,2025-09-06 17:14:18,,,,,,,,,,,,,,,,,,,,,,,,
2024-12-09,0.551,0.559,0.55,0.553,308090300.0,170.37,1.63,0.36,0.002,0.0,513980,港股科技50ETF,2025-09-06 17:14:18,,,,,,,,,,,,,,,,,,,,,,,,
2024-12-06,0.542,0.554,0.541,0.551,469444300.0,258.66,2.4,1.66,0.009,0.0,513980,港股科技50ETF,2025-09-06 17:14:18,,,,,,,,,,,,,,,,,,,,,,,,
2024-12-05,0.545,0.546,0.54,0.542,339428584.0,183.97,1.1,-0.91,-0.005,0.0,513980,港股科技50ETF,2025-09-06 17:14:18,,,,,,,,,,,,,,,,,,,,,,,,
2024-12-04,0.55,0.552,0.545,0.547,364109600.0,199.17,1.28,0.0,0.0,0.0,513980,港股科技50ETF,2025-09-06 17:14:18,,,,,,,,,,,,,,,,,,,,,,,,
2024-12-03,0.548,0.551,0.542,0.547,500751000.0,273.91,1.65,0.37,0.002,0.0,513980,港股科技50ETF,2025-09-06 17:14:18,,,,,,,,,,,,,,,,,,,,,,,,
2024-12-02,0.537,0.549,0.537,0.545,571205700.0,311.31,2.24,1.68,0.009,0.0,513980,港股科技50ETF,2025-09-06 17:14:18,,,,,,,,,,,,,,,,,,,,,,,,
2024-11-29,0.535,0.548,0.532,0.536,518987700.0,278.18,3.0,0.37,0.002,0.0,513980,港股科技50ETF,2025-09-06 17:14:18,,,,,,,,,,,,,,,,,,,,,,,,
2024-11-28,0.539,0.542,0.533,0.534,529870200.0,282.95,1.68,-0.37,-0.002,0.0,513980,港股科技50ETF,2025-09-06 17:14:18,,,,,,,,,,,,,,,,,,,,,,,,
2024-11-27,0.522,0.537,0.518,0.536,568956700.0,304.96,3.64,2.68,0.014,0.0,513980,港股科技50ETF,2025-09-06 17:14:18,,,,,,,,,,,,,,,,,,,,,,,,
2024-11-26,0.522,0.528,0.521,0.522,454568900.0,237.28,1.34,-0.19,-0.001,0.0,513980,港股科技50ETF,2025-09-06 17:14:18,,,,,,,,,,,,,,,,,,,,,,,,
2024-11-25,0.529,0.532,0.519,0.523,625694000.0,327.24,2.48,-0.19,-0.001,0.0,513980,港股科技50ETF,2025-09-06 17:14:18,,,,,,,,,,,,,,,,,,,,,,,,
2024-11-22,0.543,0.546,0.523,0.524,869316600.0,455.52,4.24,-3.5,-0.019,0.0,513980,港股科技50ETF,2025-09-06 17:14:18,,,,,,,,,,,,,,,,,,,,,,,,
2024-11-21,0.546,0.549,0.541,0.543,380270700.0,206.49,1.47,-0.55,-0.003,0.0,513980,港股科技50ETF,2025-09-06 17:14:18,,,,,,,,,,,,,,,,,,,,,,,,
2024-11-20,0.54,0.548,0.539,0.546,458815200.0,250.51,1.67,1.11,0.006,0.0,513980,港股科技50ETF,2025-09-06 17:14:18,,,,,,,,,,,,,,,,,,,,,,,,
2024-11-19,0.539,0.543,0.533,0.54,789596100.0,426.38,1.87,0.75,0.004,0.0,513980,港股科技50ETF,2025-09-06 17:14:18,,,,,,,,,,,,,,,,,,,,,,,,
2024-11-18,0.539,0.542,0.53,0.536,649420100.0,348.09,2.25,0.37,0.002,0.0,513980,港股科技50ETF,2025-09-06 17:14:18,,,,,,,,,,,,,,,,,,,,,,,,
2024-11-15,0.539,0.544,0.531,0.534,588350600.0,314.18,2.42,-0.56,-0.003,0.0,513980,港股科技50ETF,2025-09-06 17:14:18,,,,,,,,,,,,,,,,,,,,,,,,
2024-11-14,0.546,0.556,0.535,0.537,840911200.0,451.57,3.83,-2.19,-0.012,0.0,513980,港股科技50ETF,2025-09-06 17:14:18,,,,,,,,,,,,,,,,,,,,,,,,
2024-11-13,0.548,0.55,0.538,0.549,823318700.0,452.0,2.17,-0.72,-0.004,0.0,513980,港股科技50ETF,2025-09-06 17:14:18,,,,,,,,,,,,,,,,,,,,,,,,
2024-11-12,0.572,0.578,0.55,0.553,1321633383.0,730.86,4.9,-3.32,-0.019,0.0,513980,港股科技50ETF,2025-09-06 17:14:18,,,,,,,,,,,,,,,,,,,,,,,,
2024-11-11,0.566,0.573,0.559,0.572,807693200.0,462.0,2.45,0.0,0.0,0.0,513980,港股科技50ETF,2025-09-06 17:14:18,,,,,,,,,,,,,,,,,,,,,,,,
2024-11-08,0.58,0.587,0.57,0.572,1131168350.0,647.03,2.99,0.53,0.003,0.0,513980,港股科技50ETF,2025-09-06 17:14:18,,,,,,,,,,,,,,,,,,,,,,,,
2024-11-07,0.555,0.569,0.552,0.569,1156085600.0,657.81,3.05,1.97,0.011,0.0,513980,港股科技50ETF,2025-09-06 17:14:18,,,,,,,,,,,,,,,,,,,,,,,,
2024-11-06,0.566,0.57,0.553,0.558,1466156900.0,818.12,3.01,-1.06,-0.006,0.0,513980,港股科技50ETF,2025-09-06 17:14:18,,,,,,,,,,,,,,,,,,,,,,,,
2024-11-05,0.549,0.567,0.547,0.564,1046102300.0,590.0,3.62,2.17,0.012,0.0,513980,港股科技50ETF,2025-09-06 17:14:18,,,,,,,,,,,,,,,,,,,,,,,,
2024-11-04,0.546,0.555,0.546,0.552,776807500.0,428.8,1.66,1.85,0.01,0.0,513980,港股科技50ETF,2025-09-06 17:14:18,,,,,,,,,,,,,,,,,,,,,,,,
2024-11-01,0.544,0.549,0.538,0.542,696801900.0,377.67,2.02,-0.37,-0.002,0.0,513980,港股科技50ETF,2025-09-06 17:14:18,,,,,,,,,,,,,,,,,,,,,,,,
2024-10-31,0.551,0.553,0.542,0.544,1088326900.0,592.05,2.0,-0.91,-0.005,0.0,513980,港股科技50ETF,2025-09-06 17:14:18,,,,,,,,,,,,,,,,,,,,,,,,
2024-10-30,0.559,0.563,0.546,0.549,1139441500.0,625.55,3.02,-2.31,-0.013,0.0,513980,港股科技50ETF,2025-09-06 17:14:18,,,,,,,,,,,,,,,,,,,,,,,,
2024-10-29,0.568,0.573,0.561,0.562,1230897900.0,691.76,2.14,0.18,0.001,0.0,513980,港股科技50ETF,2025-09-06 17:14:18,,,,,,,,,,,,,,,,,,,,,,,,
2024-10-28,0.562,0.565,0.556,0.561,1127843300.0,632.72,1.61,0.54,0.003,0.0,513980,港股科技50ETF,2025-09-06 17:14:18,,,,,,,,,,,,,,,,,,,,,,,,
2024-10-25,0.556,0.566,0.553,0.558,1054217300.0,588.25,2.36,1.09,0.006,0.0,513980,港股科技50ETF,2025-09-06 17:14:18,,,,,,,,,,,,,,,,,,,,,,,,
2024-10-24,0.56,0.563,0.552,0.552,864314500.0,477.1,1.95,-2.13,-0.012,0.0,513980,港股科技50ETF,2025-09-06 17:14:18,,,,,,,,,,,,,,,,,,,,,,,,
2024-10-23,0.553,0.573,0.551,0.564,1315245300.0,741.8,3.99,2.36,0.013,0.0,513980,港股科技50ETF,2025-09-06 17:14:18,,,,,,,,,,,,,,,,,,,,,,,,
2024-10-22,0.548,0.556,0.547,0.551,1211495700.0,667.53,1.65,0.73,0.004,0.0,513980,港股科技50ETF,2025-09-06 17:14:18,,,,,,,,,,,,,,,,,,,,,,,,
2024-10-21,0.556,0.562,0.545,0.547,1452041200.0,794.27,3.07,-1.08,-0.006,0.0,513980,港股科技50ETF,2025-09-06 17:14:18,,,,,,,,,,,,,,,,,,,,,,,,
2024-10-18,0.525,0.579,0.522,0.553,2125415400.0,1175.35,10.84,5.13,0.027,0.0,513980,港股科技50ETF,2025-09-06 17:14:18,,,,,,,,,,,,,,,,,,,,,,,,
2024-10-17,0.531,0.544,0.525,0.526,1230498000.0,647.24,3.61,0.0,0.0,0.0,513980,港股科技50ETF,2025-09-06 17:14:18,,,,,,,,,,,,,,,,,,,,,,,,
2024-10-16,0.52,0.534,0.519,0.526,1139347800.0,599.3,2.84,-0.38,-0.002,0.0,513980,港股科技50ETF,2025-09-06 17:14:18,,,,,,,,,,,,,,,,,,,,,,,,
2024-10-15,0.55,0.554,0.526,0.528,1226242798.0,647.46,5.07,-4.35,-0.024,0.0,513980,港股科技50ETF,2025-09-06 17:14:18,,,,,,,,,,,,,,,,,,,,,,,,
2024-10-14,0.554,0.558,0.533,0.552,1591961472.0,878.76,4.55,0.36,0.002,0.0,513980,港股科技50ETF,2025-09-06 17:14:18,,,,,,,,,,,,,,,,,,,,,,,,
2024-10-11,0.564,0.564,0.541,0.55,402780000.0,221.53,4.07,-2.65,-0.015,0.0,513980,港股科技50ETF,2025-09-06 17:14:18,,,,,,,,,,,,,,,,,,,,,,,,
2024-10-10,0.565,0.579,0.559,0.565,1355801300.0,766.03,3.63,2.54,0.014,0.0,513980,港股科技50ETF,2025-09-06 17:14:18,,,,,,,,,,,,,,,,,,,,,,,,
2024-10-09,0.578,0.583,0.541,0.551,3405598400.0,1876.48,7.25,-4.84,-0.028,0.0,513980,港股科技50ETF,2025-09-06 17:14:18,,,,,,,,,,,,,,,,,,,,,,,,
2024-10-08,0.608,0.608,0.548,0.579,1956851900.0,1133.02,10.85,4.7,0.026,0.0,513980,港股科技50ETF,2025-09-06 17:14:18,,,,,,,,,,,,,,,,,,,,,,,,
2024-09-30,0.538,0.562,0.526,0.553,3928057200.0,2172.22,7.03,8.01,0.041,0.0,513980,港股科技50ETF,2025-09-06 17:14:18,,,,,,,,,,,,,,,,,,,,,,,,
2024-09-27,0.5,0.536,0.499,0.512,785497900.0,402.17,7.6,5.13,0.025,0.0,513980,港股科技50ETF,2025-09-06 17:14:18,,,,,,,,,,,,,,,,,,,,,,,,
2024-09-26,0.467,0.488,0.467,0.487,930046178.0,452.93,4.53,4.96,0.023,0.0,513980,港股科技50ETF,2025-09-06 17:14:18,,,,,,,,,,,,,,,,,,,,,,,,
2024-09-25,0.48,0.482,0.463,0.464,741615300.0,344.11,4.09,-0.22,-0.001,0.0,513980,港股科技50ETF,2025-09-06 17:14:18,,,,,,,,,,,,,,,,,,,,,,,,
2024-09-24,0.454,0.466,0.45,0.465,932883700.0,433.79,3.58,4.03,0.018,0.0,513980,港股科技50ETF,2025-09-06 17:14:18,,,,,,,,,,,,,,,,,,,,,,,,
2024-09-23,0.45,0.458,0.446,0.447,504935800.0,225.71,2.67,-0.45,-0.002,0.0,513980,港股科技50ETF,2025-09-06 17:14:18,,,,,,,,,,,,,,,,,,,,,,,,
2024-09-20,0.448,0.455,0.445,0.449,611001500.0,274.34,2.24,0.45,0.002,0.0,513980,港股科技50ETF,2025-09-06 17:14:18,,,,,,,,,,,,,,,,,,,,,,,,
2024-09-19,0.438,0.449,0.436,0.447,607071800.0,271.36,2.97,2.05,0.009,0.0,513980,港股科技50ETF,2025-09-06 17:14:18,,,,,,,,,,,,,,,,,,,,,,,,
2024-09-18,0.437,0.441,0.436,0.438,199225700.0,87.26,1.16,1.62,0.007,0.0,513980,港股科技50ETF,2025-09-06 17:14:18,,,,,,,,,,,,,,,,,,,,,,,,
2024-09-13,0.429,0.435,0.429,0.431,352750200.0,152.04,1.4,0.47,0.002,0.0,513980,港股科技50ETF,2025-09-06 17:14:18,,,,,,,,,,,,,,,,,,,,,,,,
2024-09-12,0.429,0.435,0.429,0.429,542219900.0,232.61,1.41,0.7,0.003,0.0,513980,港股科技50ETF,2025-09-06 17:14:18,,,,,,,,,,,,,,,,,,,,,,,,
2024-09-11,0.422,0.428,0.421,0.426,234842408.0,100.04,1.65,0.71,0.003,0.0,513980,港股科技50ETF,2025-09-06 17:14:18,,,,,,,,,,,,,,,,,,,,,,,,
2024-09-10,0.424,0.425,0.418,0.423,256578900.0,108.53,1.66,0.48,0.002,0.0,513980,港股科技50ETF,2025-09-06 17:14:18,,,,,,,,,,,,,,,,,,,,,,,,
2024-09-09,0.423,0.425,0.419,0.421,197116000.0,82.99,1.42,-0.71,-0.003,0.0,513980,港股科技50ETF,2025-09-06 17:14:18,,,,,,,,,,,,,,,,,,,,,,,,
2024-09-06,0.427,0.43,0.424,0.424,88631100.0,37.58,0.0,0.0,0.0,0.0,513980,港股科技50ETF,2025-09-06 17:14:18,,,,,,,,,,,,,,,,,,,,,,,,
