日期,开盘,最高,最低,收盘,成交量,成交额,振幅,涨跌幅,涨跌额,换手率,ETF代码,ETF名称,爬取时间,折溢价率,IOPV,前收盘,量比,委比,外盘,内盘,主力净流入-净额,主力净流入-净占比,超大单净流入-净额,超大单净流入-净占比,大单净流入-净额,大单净流入-净占比,中单净流入-净额,中单净流入-净占比,小单净流入-净额,小单净流入-净占比,现手,买一,卖一,最新份额,流通市值,总市值,更新时间
2025-09-22,8.005,8.058,7.984,8.048,453251935.0,36477715.73,0.92,0.54,0.043,,518880,黄金ETF,2025-09-22 21:52:51,,,,,,,,,,,,,,,,,,,,,,,,
2025-09-19,7.901,7.917,7.869,7.898,323799619.0,25573693.91,0.61,0.46,0.036,,518880,黄金ETF,2025-09-19 18:14:22,,,,,,,,,,,,,,,,,,,,,,,,
2025-09-18,7.901,7.949,7.859,7.862,556562627.0,43756953.73,1.13,-1.28,-0.102,,518880,黄金ETF,2025-09-19 18:14:22,,,,,,,,,,,,,,,,,,,,,,,,
2025-09-17,8.01,8.01,7.955,7.964,428296395.0,34109524.9,0.69,-0.57,-0.046,,518880,黄金ETF,2025-09-19 18:14:22,,,,,,,,,,,,,,,,,,,,,,,,
2025-09-16,8.007,8.034,7.988,8.032,339497584.0,27268445.95,0.57,0.31,0.025,,518880,黄金ETF,2025-09-18 22:22:51,,,,,,,,,,,,,,,,,,,,,,,,
2025-09-12,7.932,7.966,7.932,7.954,32876.68,2613712618.0,0.43,0.39,0.031,4.15,518880,黄金ETF,2025-09-12 22:21:36,-0.03,7.9517,7.923,0.73,-68.21,1848414.0,1439255.0,-94515808.0,-3.62,-154207904.0,-5.9,59692096.0,2.28,69553248.0,2.66,24962561.0,0.96,-395.0,7.954,7.955,7919040768.0,62988050269.0,62988050269.0,2025-09-12 16:12:02+08:00
2025-09-11,7.963,7.968,7.901,7.923,410933374.0,32558251.22,0.0,0.0,0.0,0.0,518880,黄金ETF,2025-09-11 22:22:15,0.0,,,,,,,,,,,,,,,,,,,,,,,
2025-09-10,7.906,7.953,7.898,7.947,398608908.0,31677449.92,0.0,0.0,0.0,0.0,518880,黄金ETF,2025-09-10 22:21:27,0.0,,,,,,,,,,,,,,,,,,,,,,,
2025-09-09,7.934,7.987,7.928,7.966,695908132.0,55436041.8,0.0,0.0,0.0,0.0,518880,黄金ETF,2025-09-09 18:27:56,,,,,,,,,,,,,,,,,,,,,,,,
2025-09-08,7.811,7.848,7.808,7.847,413909759.0,32479498.79,0.0,0.0,0.0,0.0,518880,黄金ETF,2025-09-08 18:27:51,,,,,,,,,,,,,,,,,,,,,,,,
2025-09-05,7.773,7.782,7.755,7.775,344149544.0,2675.76,0.35,0.32,0.025,0.0,518880,黄金ETF,2025-09-06 17:14:18,,,,,,,,,,,,,,,,,,,,,,,,
2025-09-04,7.795,7.795,7.694,7.75,561861413.0,4354.43,1.3,-0.23,-0.018,0.0,518880,黄金ETF,2025-09-06 17:14:18,,,,,,,,,,,,,,,,,,,,,,,,
2025-09-03,7.76,7.787,7.746,7.768,535458390.0,4159.44,0.53,1.28,0.098,0.0,518880,黄金ETF,2025-09-06 17:14:18,,,,,,,,,,,,,,,,,,,,,,,,
2025-09-02,7.75,7.75,7.663,7.67,650604808.0,4990.14,1.14,0.3,0.023,0.0,518880,黄金ETF,2025-09-06 17:14:18,,,,,,,,,,,,,,,,,,,,,,,,
2025-09-01,7.546,7.658,7.542,7.647,844514784.0,6458.0,1.55,2.15,0.161,0.0,518880,黄金ETF,2025-09-06 17:14:18,,,,,,,,,,,,,,,,,,,,,,,,
2025-08-29,7.48,7.488,7.478,7.486,217764686.0,1630.19,0.13,0.24,0.018,0.0,518880,黄金ETF,2025-09-06 17:14:18,,,,,,,,,,,,,,,,,,,,,,,,
2025-08-28,7.462,7.47,7.459,7.468,223107284.0,1666.17,0.15,0.24,0.018,0.0,518880,黄金ETF,2025-09-06 17:14:18,,,,,,,,,,,,,,,,,,,,,,,,
2025-08-27,7.461,7.461,7.444,7.45,235912901.0,1757.55,0.23,0.01,0.001,0.0,518880,黄金ETF,2025-09-06 17:14:18,,,,,,,,,,,,,,,,,,,,,,,,
2025-08-26,7.437,7.45,7.437,7.449,293532600.0,2186.52,0.18,0.3,0.022,0.0,518880,黄金ETF,2025-09-06 17:14:18,,,,,,,,,,,,,,,,,,,,,,,,
2025-08-25,7.419,7.43,7.417,7.427,288572434.0,2143.23,0.18,0.66,0.049,0.0,518880,黄金ETF,2025-09-06 17:14:18,,,,,,,,,,,,,,,,,,,,,,,,
2025-08-22,7.395,7.4,7.373,7.378,194928678.0,1438.18,0.37,-0.22,-0.016,0.0,518880,黄金ETF,2025-09-06 17:14:18,,,,,,,,,,,,,,,,,,,,,,,,
2025-08-21,7.403,7.408,7.387,7.394,223292731.0,1651.03,0.28,0.27,0.02,0.0,518880,黄金ETF,2025-09-06 17:14:18,,,,,,,,,,,,,,,,,,,,,,,,
2025-08-20,7.362,7.377,7.35,7.374,204963900.0,1511.4,0.37,-0.23,-0.017,0.0,518880,黄金ETF,2025-09-06 17:14:18,,,,,,,,,,,,,,,,,,,,,,,,
2025-08-19,7.386,7.4,7.386,7.391,182699299.0,1350.33,0.19,-0.3,-0.022,0.0,518880,黄金ETF,2025-09-06 17:14:18,,,,,,,,,,,,,,,,,,,,,,,,
2025-08-18,7.398,7.43,7.393,7.413,228171106.0,1691.43,0.5,0.16,0.012,0.0,518880,黄金ETF,2025-09-06 17:14:18,,,,,,,,,,,,,,,,,,,,,,,,
2025-08-15,7.384,7.41,7.381,7.401,208044000.0,1539.73,0.39,-0.31,-0.023,0.0,518880,黄金ETF,2025-09-06 17:14:18,,,,,,,,,,,,,,,,,,,,,,,,
2025-08-14,7.431,7.438,7.413,7.424,228780544.0,1698.47,0.34,0.12,0.009,0.0,518880,黄金ETF,2025-09-06 17:14:18,,,,,,,,,,,,,,,,,,,,,,,,
2025-08-13,7.395,7.416,7.394,7.415,230600612.0,1709.9,0.3,0.22,0.016,0.0,518880,黄金ETF,2025-09-06 17:14:18,,,,,,,,,,,,,,,,,,,,,,,,
2025-08-12,7.412,7.416,7.393,7.399,281491669.0,2082.76,0.31,-0.4,-0.03,0.0,518880,黄金ETF,2025-09-06 17:14:18,,,,,,,,,,,,,,,,,,,,,,,,
2025-08-11,7.452,7.46,7.423,7.429,359688810.0,2672.13,0.49,-1.05,-0.079,0.0,518880,黄金ETF,2025-09-06 17:14:18,,,,,,,,,,,,,,,,,,,,,,,,
2025-08-08,7.488,7.513,7.488,7.508,338060349.0,2538.16,0.33,0.32,0.024,0.0,518880,黄金ETF,2025-09-06 17:14:18,,,,,,,,,,,,,,,,,,,,,,,,
2025-08-07,7.471,7.488,7.459,7.484,313642201.0,2347.3,0.39,0.21,0.016,0.0,518880,黄金ETF,2025-09-06 17:14:18,,,,,,,,,,,,,,,,,,,,,,,,
2025-08-06,7.472,7.482,7.46,7.468,266181951.0,1987.85,0.3,0.17,0.013,0.0,518880,黄金ETF,2025-09-06 17:14:18,,,,,,,,,,,,,,,,,,,,,,,,
2025-08-05,7.481,7.486,7.454,7.455,322458715.0,2403.93,0.43,0.12,0.009,0.0,518880,黄金ETF,2025-09-06 17:14:18,,,,,,,,,,,,,,,,,,,,,,,,
2025-08-04,7.432,7.447,7.432,7.446,426113592.0,3172.84,0.2,1.28,0.094,0.0,518880,黄金ETF,2025-09-06 17:14:18,,,,,,,,,,,,,,,,,,,,,,,,
2025-08-01,7.343,7.366,7.331,7.352,192399599.0,1414.52,0.48,0.03,0.002,0.0,518880,黄金ETF,2025-09-06 17:14:18,,,,,,,,,,,,,,,,,,,,,,,,
2025-07-31,7.329,7.356,7.315,7.35,304165711.0,2235.62,0.56,-0.37,-0.027,0.0,518880,黄金ETF,2025-09-06 17:14:18,,,,,,,,,,,,,,,,,,,,,,,,
2025-07-30,7.387,7.389,7.367,7.377,281773628.0,2078.64,0.3,0.19,0.014,0.0,518880,黄金ETF,2025-09-06 17:14:18,,,,,,,,,,,,,,,,,,,,,,,,
2025-07-29,7.35,7.366,7.345,7.363,263161641.0,1937.66,0.28,-0.34,-0.025,0.0,518880,黄金ETF,2025-09-06 17:14:18,,,,,,,,,,,,,,,,,,,,,,,,
2025-07-28,7.382,7.398,7.367,7.388,284143328.0,2099.25,0.42,-0.28,-0.021,0.0,518880,黄金ETF,2025-09-06 17:14:18,,,,,,,,,,,,,,,,,,,,,,,,
2025-07-25,7.415,7.421,7.399,7.409,254762663.0,1887.54,0.3,-0.2,-0.015,0.0,518880,黄金ETF,2025-09-06 17:14:18,,,,,,,,,,,,,,,,,,,,,,,,
2025-07-24,7.459,7.461,7.415,7.424,440510942.0,3270.35,0.61,-1.64,-0.124,0.0,518880,黄金ETF,2025-09-06 17:14:18,,,,,,,,,,,,,,,,,,,,,,,,
2025-07-23,7.54,7.549,7.525,7.548,314107164.0,2370.88,0.32,0.99,0.074,0.0,518880,黄金ETF,2025-09-06 17:14:18,,,,,,,,,,,,,,,,,,,,,,,,
2025-07-22,7.483,7.489,7.47,7.474,362003425.0,2705.61,0.26,0.38,0.028,0.0,518880,黄金ETF,2025-09-06 17:14:18,,,,,,,,,,,,,,,,,,,,,,,,
2025-07-21,7.43,7.454,7.42,7.446,300457429.0,2237.21,0.46,0.58,0.043,0.0,518880,黄金ETF,2025-09-06 17:14:18,,,,,,,,,,,,,,,,,,,,,,,,
2025-07-18,7.394,7.407,7.391,7.403,184028487.0,1362.36,0.22,0.08,0.006,0.0,518880,黄金ETF,2025-09-06 17:14:18,,,,,,,,,,,,,,,,,,,,,,,,
2025-07-17,7.403,7.411,7.386,7.397,208316994.0,1540.92,0.34,-0.07,-0.005,0.0,518880,黄金ETF,2025-09-06 17:14:18,,,,,,,,,,,,,,,,,,,,,,,,
2025-07-16,7.394,7.407,7.378,7.402,239071350.0,1769.61,0.39,-0.46,-0.034,0.0,518880,黄金ETF,2025-09-06 17:14:18,,,,,,,,,,,,,,,,,,,,,,,,
2025-07-15,7.41,7.445,7.401,7.436,268931110.0,1999.77,0.59,-0.05,-0.004,0.0,518880,黄金ETF,2025-09-06 17:14:18,,,,,,,,,,,,,,,,,,,,,,,,
2025-07-14,7.426,7.445,7.413,7.44,267188547.0,1987.88,0.43,0.87,0.064,0.0,518880,黄金ETF,2025-09-06 17:14:18,,,,,,,,,,,,,,,,,,,,,,,,
2025-07-11,7.375,7.392,7.372,7.376,261655404.0,1929.97,0.27,0.07,0.005,0.0,518880,黄金ETF,2025-09-06 17:14:18,,,,,,,,,,,,,,,,,,,,,,,,
2025-07-10,7.371,7.38,7.358,7.371,302003773.0,2226.07,0.3,0.78,0.057,0.0,518880,黄金ETF,2025-09-06 17:14:18,,,,,,,,,,,,,,,,,,,,,,,,
2025-07-09,7.347,7.348,7.304,7.314,425534100.0,3112.36,0.59,-1.14,-0.084,0.0,518880,黄金ETF,2025-09-06 17:14:18,,,,,,,,,,,,,,,,,,,,,,,,
2025-07-08,7.397,7.406,7.389,7.398,217899576.0,1612.02,0.23,0.58,0.043,0.0,518880,黄金ETF,2025-09-06 17:14:18,,,,,,,,,,,,,,,,,,,,,,,,
2025-07-07,7.348,7.367,7.344,7.355,281784400.0,2072.52,0.31,-0.7,-0.052,0.0,518880,黄金ETF,2025-09-06 17:14:18,,,,,,,,,,,,,,,,,,,,,,,,
2025-07-04,7.4,7.413,7.376,7.407,257229100.0,1905.3,0.5,-0.51,-0.038,0.0,518880,黄金ETF,2025-09-06 17:14:18,,,,,,,,,,,,,,,,,,,,,,,,
2025-07-03,7.407,7.453,7.407,7.445,295990300.0,2203.65,0.62,0.69,0.051,0.0,518880,黄金ETF,2025-09-06 17:14:18,,,,,,,,,,,,,,,,,,,,,,,,
2025-07-02,7.395,7.418,7.384,7.394,291654800.0,2156.5,0.46,-0.04,-0.003,0.0,518880,黄金ETF,2025-09-06 17:14:18,,,,,,,,,,,,,,,,,,,,,,,,
2025-07-01,7.359,7.4,7.346,7.397,347867947.0,2573.18,0.74,1.13,0.083,0.0,518880,黄金ETF,2025-09-06 17:14:18,,,,,,,,,,,,,,,,,,,,,,,,
2025-06-30,7.3,7.321,7.274,7.314,336657400.0,2462.31,0.64,-0.16,-0.012,0.0,518880,黄金ETF,2025-09-06 17:14:18,,,,,,,,,,,,,,,,,,,,,,,,
2025-06-27,7.365,7.375,7.311,7.326,455853400.0,3339.58,0.86,-1.07,-0.079,0.0,518880,黄金ETF,2025-09-06 17:14:18,,,,,,,,,,,,,,,,,,,,,,,,
2025-06-26,7.39,7.406,7.385,7.405,277147880.0,2052.28,0.28,0.18,0.013,0.0,518880,黄金ETF,2025-09-06 17:14:18,,,,,,,,,,,,,,,,,,,,,,,,
2025-06-25,7.378,7.398,7.376,7.392,284710700.0,2104.58,0.3,0.27,0.02,0.0,518880,黄金ETF,2025-09-06 17:14:18,,,,,,,,,,,,,,,,,,,,,,,,
2025-06-24,7.431,7.44,7.354,7.372,581647312.0,4287.9,1.15,-1.23,-0.092,0.0,518880,黄金ETF,2025-09-06 17:14:18,,,,,,,,,,,,,,,,,,,,,,,,
2025-06-23,7.452,7.485,7.441,7.464,368519740.0,2750.63,0.59,0.38,0.028,0.0,518880,黄金ETF,2025-09-06 17:14:18,,,,,,,,,,,,,,,,,,,,,,,,
2025-06-20,7.46,7.464,7.423,7.436,365250300.0,2716.0,0.55,-0.39,-0.029,0.0,518880,黄金ETF,2025-09-06 17:14:18,,,,,,,,,,,,,,,,,,,,,,,,
2025-06-19,7.5,7.506,7.444,7.465,366857400.0,2738.59,0.83,-0.51,-0.038,0.0,518880,黄金ETF,2025-09-06 17:14:18,,,,,,,,,,,,,,,,,,,,,,,,
2025-06-18,7.499,7.527,7.476,7.503,384865270.0,2887.64,0.68,0.05,0.004,0.0,518880,黄金ETF,2025-09-06 17:14:18,,,,,,,,,,,,,,,,,,,,,,,,
2025-06-17,7.525,7.528,7.47,7.499,503152168.0,3773.14,0.77,-0.85,-0.064,0.0,518880,黄金ETF,2025-09-06 17:14:18,,,,,,,,,,,,,,,,,,,,,,,,
2025-06-16,7.629,7.634,7.548,7.563,663731179.0,5019.8,1.13,-0.33,-0.025,0.0,518880,黄金ETF,2025-09-06 17:14:18,,,,,,,,,,,,,,,,,,,,,,,,
2025-06-13,7.616,7.653,7.57,7.588,888062400.0,6738.62,1.11,1.21,0.091,0.0,518880,黄金ETF,2025-09-06 17:14:18,,,,,,,,,,,,,,,,,,,,,,,,
2025-06-12,7.505,7.512,7.474,7.497,389463130.0,2919.81,0.51,0.93,0.069,0.0,518880,黄金ETF,2025-09-06 17:14:18,,,,,,,,,,,,,,,,,,,,,,,,
2025-06-11,7.42,7.436,7.404,7.428,360699753.0,2679.28,0.43,0.31,0.023,0.0,518880,黄金ETF,2025-09-06 17:14:18,,,,,,,,,,,,,,,,,,,,,,,,
2025-06-10,7.366,7.42,7.353,7.405,517795889.0,3834.28,0.91,0.07,0.005,0.0,518880,黄金ETF,2025-09-06 17:14:18,,,,,,,,,,,,,,,,,,,,,,,,
2025-06-09,7.364,7.401,7.331,7.4,505825100.0,3743.11,0.94,-1.08,-0.081,0.0,518880,黄金ETF,2025-09-06 17:14:18,,,,,,,,,,,,,,,,,,,,,,,,
2025-06-06,7.477,7.492,7.469,7.481,375355132.0,2808.03,0.31,-0.03,-0.002,0.0,518880,黄金ETF,2025-09-06 17:14:18,,,,,,,,,,,,,,,,,,,,,,,,
2025-06-05,7.499,7.504,7.469,7.483,338533600.0,2533.25,0.47,0.12,0.009,0.0,518880,黄金ETF,2025-09-06 17:14:18,,,,,,,,,,,,,,,,,,,,,,,,
2025-06-04,7.488,7.503,7.459,7.474,416157150.0,3110.36,0.59,-0.05,-0.004,0.0,518880,黄金ETF,2025-09-06 17:14:18,,,,,,,,,,,,,,,,,,,,,,,,
2025-06-03,7.501,7.519,7.461,7.478,606170700.0,4532.94,0.79,1.48,0.109,0.0,518880,黄金ETF,2025-09-06 17:14:18,,,,,,,,,,,,,,,,,,,,,,,,
2025-05-30,7.39,7.391,7.335,7.369,363573703.0,2679.17,0.77,0.95,0.069,0.0,518880,黄金ETF,2025-09-06 17:14:18,,,,,,,,,,,,,,,,,,,,,,,,
2025-05-29,7.263,7.31,7.26,7.3,423281700.0,3089.96,0.68,-1.02,-0.075,0.0,518880,黄金ETF,2025-09-06 17:14:18,,,,,,,,,,,,,,,,,,,,,,,,
2025-05-28,7.369,7.389,7.341,7.375,304997600.0,2249.36,0.65,0.12,0.009,0.0,518880,黄金ETF,2025-09-06 17:14:18,,,,,,,,,,,,,,,,,,,,,,,,
2025-05-27,7.434,7.456,7.356,7.366,603457313.0,4445.07,1.35,-0.79,-0.059,0.0,518880,黄金ETF,2025-09-06 17:14:18,,,,,,,,,,,,,,,,,,,,,,,,
2025-05-26,7.438,7.472,7.423,7.425,442308700.0,3284.14,0.66,-0.39,-0.029,0.0,518880,黄金ETF,2025-09-06 17:14:18,,,,,,,,,,,,,,,,,,,,,,,,
2025-05-23,7.405,7.457,7.373,7.454,605935900.0,4516.65,1.13,0.05,0.004,0.0,518880,黄金ETF,2025-09-06 17:14:18,,,,,,,,,,,,,,,,,,,,,,,,
2025-05-22,7.478,7.505,7.448,7.45,727054800.0,5416.56,0.77,0.15,0.011,0.0,518880,黄金ETF,2025-09-06 17:14:18,,,,,,,,,,,,,,,,,,,,,,,,
2025-05-21,7.381,7.44,7.376,7.439,754386545.0,5611.88,0.89,3.19,0.23,0.0,518880,黄金ETF,2025-09-06 17:14:18,,,,,,,,,,,,,,,,,,,,,,,,
2025-05-20,7.217,7.238,7.196,7.209,460862770.0,3322.36,0.58,-0.18,-0.013,0.0,518880,黄金ETF,2025-09-06 17:14:18,,,,,,,,,,,,,,,,,,,,,,,,
2025-05-19,7.206,7.231,7.193,7.222,633277100.0,4573.53,0.53,0.63,0.045,0.0,518880,黄金ETF,2025-09-06 17:14:18,,,,,,,,,,,,,,,,,,,,,,,,
2025-05-16,7.195,7.204,7.157,7.177,855274788.0,6138.31,0.67,1.63,0.115,0.0,518880,黄金ETF,2025-09-06 17:14:18,,,,,,,,,,,,,,,,,,,,,,,,
2025-05-15,7.165,7.169,7.01,7.062,1290123946.0,9110.86,2.18,-2.95,-0.215,0.0,518880,黄金ETF,2025-09-06 17:14:18,,,,,,,,,,,,,,,,,,,,,,,,
2025-05-14,7.309,7.322,7.265,7.277,548179300.0,3989.1,0.78,-0.75,-0.055,0.0,518880,黄金ETF,2025-09-06 17:14:18,,,,,,,,,,,,,,,,,,,,,,,,
2025-05-13,7.291,7.339,7.224,7.332,905216614.0,6637.05,1.56,-0.6,-0.044,0.0,518880,黄金ETF,2025-09-06 17:14:18,,,,,,,,,,,,,,,,,,,,,,,,
2025-05-12,7.341,7.399,7.341,7.376,668199236.0,4928.64,0.77,-2.06,-0.155,0.0,518880,黄金ETF,2025-09-06 17:14:18,,,,,,,,,,,,,,,,,,,,,,,,
2025-05-09,7.502,7.555,7.427,7.531,887300929.0,6682.26,1.69,-0.34,-0.026,0.0,518880,黄金ETF,2025-09-06 17:14:18,,,,,,,,,,,,,,,,,,,,,,,,
2025-05-08,7.679,7.732,7.538,7.557,1112851087.0,8409.82,2.53,-1.49,-0.114,0.0,518880,黄金ETF,2025-09-06 17:14:18,,,,,,,,,,,,,,,,,,,,,,,,
2025-05-07,7.614,7.678,7.588,7.671,751864933.0,5767.56,1.18,0.78,0.059,0.0,518880,黄金ETF,2025-09-06 17:14:18,,,,,,,,,,,,,,,,,,,,,,,,
2025-05-06,7.596,7.659,7.57,7.612,984527034.0,7494.22,1.19,1.89,0.141,0.0,518880,黄金ETF,2025-09-06 17:14:18,,,,,,,,,,,,,,,,,,,,,,,,
2025-04-30,7.525,7.529,7.467,7.471,437292760.0,3267.01,0.82,-0.61,-0.046,0.0,518880,黄金ETF,2025-09-06 17:14:18,,,,,,,,,,,,,,,,,,,,,,,,
2025-04-29,7.561,7.586,7.485,7.517,630471289.0,4739.25,1.35,0.7,0.052,0.0,518880,黄金ETF,2025-09-06 17:14:18,,,,,,,,,,,,,,,,,,,,,,,,
2025-04-28,7.499,7.511,7.443,7.465,807300957.0,6026.5,0.9,-0.86,-0.065,0.0,518880,黄金ETF,2025-09-06 17:14:18,,,,,,,,,,,,,,,,,,,,,,,,
2025-04-25,7.641,7.656,7.486,7.53,998594300.0,7519.42,2.24,-0.69,-0.052,0.0,518880,黄金ETF,2025-09-06 17:14:18,,,,,,,,,,,,,,,,,,,,,,,,
2025-04-24,7.67,7.707,7.55,7.582,1303473358.0,9882.94,2.09,1.09,0.082,0.0,518880,黄金ETF,2025-09-06 17:14:18,,,,,,,,,,,,,,,,,,,,,,,,
2025-04-23,7.759,7.759,7.486,7.5,2564688817.0,19235.17,3.42,-6.04,-0.482,0.0,518880,黄金ETF,2025-09-06 17:14:18,,,,,,,,,,,,,,,,,,,,,,,,
2025-04-22,7.871,8.033,7.86,7.982,1519502089.0,12128.67,2.24,3.34,0.258,0.0,518880,黄金ETF,2025-09-06 17:14:18,,,,,,,,,,,,,,,,,,,,,,,,
2025-04-21,7.684,7.727,7.677,7.724,751194584.0,5802.23,0.66,1.86,0.141,0.0,518880,黄金ETF,2025-09-06 17:14:18,,,,,,,,,,,,,,,,,,,,,,,,
2025-04-18,7.564,7.589,7.533,7.583,478054139.0,3625.08,0.74,0.24,0.018,0.0,518880,黄金ETF,2025-09-06 17:14:18,,,,,,,,,,,,,,,,,,,,,,,,
2025-04-17,7.655,7.66,7.541,7.565,1007652486.0,7622.89,1.59,0.83,0.062,0.0,518880,黄金ETF,2025-09-06 17:14:18,,,,,,,,,,,,,,,,,,,,,,,,
2025-04-16,7.44,7.506,7.421,7.503,749850988.0,5626.13,1.16,2.43,0.178,0.0,518880,黄金ETF,2025-09-06 17:14:18,,,,,,,,,,,,,,,,,,,,,,,,
2025-04-15,7.327,7.334,7.315,7.325,420590242.0,3080.82,0.26,-0.03,-0.002,0.0,518880,黄金ETF,2025-09-06 17:14:18,,,,,,,,,,,,,,,,,,,,,,,,
2025-04-14,7.301,7.354,7.301,7.327,788278877.0,5775.72,0.73,0.74,0.054,0.0,518880,黄金ETF,2025-09-06 17:14:18,,,,,,,,,,,,,,,,,,,,,,,,
2025-04-11,7.34,7.34,7.225,7.273,969046516.0,7047.88,1.61,1.52,0.109,0.0,518880,黄金ETF,2025-09-06 17:14:18,,,,,,,,,,,,,,,,,,,,,,,,
2025-04-10,7.134,7.166,7.071,7.164,931201615.0,6671.13,1.35,2.17,0.152,0.0,518880,黄金ETF,2025-09-06 17:14:18,,,,,,,,,,,,,,,,,,,,,,,,
2025-04-09,6.89,7.02,6.888,7.012,783359970.0,5492.92,1.91,1.26,0.087,0.0,518880,黄金ETF,2025-09-06 17:14:18,,,,,,,,,,,,,,,,,,,,,,,,
2025-04-08,6.878,6.938,6.852,6.925,623642763.0,4318.73,1.25,0.7,0.048,0.0,518880,黄金ETF,2025-09-06 17:14:18,,,,,,,,,,,,,,,,,,,,,,,,
2025-04-07,6.801,7.06,6.8,6.877,1275784486.0,8773.57,3.67,-3.06,-0.217,0.0,518880,黄金ETF,2025-09-06 17:14:18,,,,,,,,,,,,,,,,,,,,,,,,
2025-04-03,7.135,7.173,7.068,7.094,726074050.0,5150.77,1.49,0.92,0.065,0.0,518880,黄金ETF,2025-09-06 17:14:18,,,,,,,,,,,,,,,,,,,,,,,,
2025-04-02,7.07,7.083,7.019,7.029,418580916.0,2942.21,0.91,-0.38,-0.027,0.0,518880,黄金ETF,2025-09-06 17:14:18,,,,,,,,,,,,,,,,,,,,,,,,
2025-04-01,7.065,7.098,7.041,7.056,718259725.0,5068.04,0.81,0.63,0.044,0.0,518880,黄金ETF,2025-09-06 17:14:18,,,,,,,,,,,,,,,,,,,,,,,,
2025-03-31,6.942,7.045,6.942,7.012,674686354.0,4730.9,1.48,1.07,0.074,0.0,518880,黄金ETF,2025-09-06 17:14:18,,,,,,,,,,,,,,,,,,,,,,,,
2025-03-28,6.912,6.939,6.894,6.938,423633499.0,2939.17,0.66,1.85,0.126,0.0,518880,黄金ETF,2025-09-06 17:14:18,,,,,,,,,,,,,,,,,,,,,,,,
2025-03-27,6.797,6.817,6.791,6.812,224529007.0,1529.49,0.38,0.25,0.017,0.0,518880,黄金ETF,2025-09-06 17:14:18,,,,,,,,,,,,,,,,,,,,,,,,
2025-03-26,6.78,6.797,6.775,6.795,192888100.0,1310.67,0.32,0.31,0.021,0.0,518880,黄金ETF,2025-09-06 17:14:18,,,,,,,,,,,,,,,,,,,,,,,,
2025-03-25,6.758,6.778,6.751,6.774,188173300.0,1274.69,0.4,-0.09,-0.006,0.0,518880,黄金ETF,2025-09-06 17:14:18,,,,,,,,,,,,,,,,,,,,,,,,
2025-03-24,6.77,6.782,6.758,6.78,152890422.0,1036.6,0.35,0.09,0.006,0.0,518880,黄金ETF,2025-09-06 17:14:18,,,,,,,,,,,,,,,,,,,,,,,,
2025-03-21,6.808,6.81,6.762,6.774,259905579.0,1760.6,0.71,-0.48,-0.033,0.0,518880,黄金ETF,2025-09-06 17:14:18,,,,,,,,,,,,,,,,,,,,,,,,
2025-03-20,6.82,6.825,6.799,6.807,288580577.0,1964.37,0.38,0.1,0.007,0.0,518880,黄金ETF,2025-09-06 17:14:18,,,,,,,,,,,,,,,,,,,,,,,,
2025-03-19,6.757,6.806,6.754,6.8,332646700.0,2262.0,0.77,1.09,0.073,0.0,518880,黄金ETF,2025-09-06 17:14:18,,,,,,,,,,,,,,,,,,,,,,,,
2025-03-18,6.688,6.73,6.688,6.727,247618300.0,1665.73,0.63,0.75,0.05,0.0,518880,黄金ETF,2025-09-06 17:14:18,,,,,,,,,,,,,,,,,,,,,,,,
2025-03-17,6.674,6.678,6.659,6.677,261227100.0,1744.21,0.28,0.06,0.004,0.0,518880,黄金ETF,2025-09-06 17:14:18,,,,,,,,,,,,,,,,,,,,,,,,
2025-03-14,6.693,6.693,6.662,6.673,337064300.0,2249.23,0.47,1.49,0.098,0.0,518880,黄金ETF,2025-09-06 17:14:18,,,,,,,,,,,,,,,,,,,,,,,,
2025-03-13,6.573,6.583,6.57,6.575,180621750.0,1187.59,0.2,0.75,0.049,0.0,518880,黄金ETF,2025-09-06 17:14:18,,,,,,,,,,,,,,,,,,,,,,,,
2025-03-12,6.518,6.534,6.512,6.526,133572500.0,871.69,0.34,0.32,0.021,0.0,518880,黄金ETF,2025-09-06 17:14:18,,,,,,,,,,,,,,,,,,,,,,,,
2025-03-11,6.491,6.506,6.488,6.505,217070800.0,1412.05,0.28,-0.6,-0.039,0.0,518880,黄金ETF,2025-09-06 17:14:18,,,,,,,,,,,,,,,,,,,,,,,,
2025-03-10,6.531,6.545,6.526,6.544,168135603.0,1100.28,0.29,0.28,0.018,0.0,518880,黄金ETF,2025-09-06 17:14:18,,,,,,,,,,,,,,,,,,,,,,,,
2025-03-07,6.506,6.529,6.503,6.526,212238683.0,1385.07,0.4,-0.14,-0.009,0.0,518880,黄金ETF,2025-09-06 17:14:18,,,,,,,,,,,,,,,,,,,,,,,,
2025-03-06,6.53,6.546,6.527,6.535,187622976.0,1226.12,0.29,-0.18,-0.012,0.0,518880,黄金ETF,2025-09-06 17:14:18,,,,,,,,,,,,,,,,,,,,,,,,
2025-03-05,6.523,6.551,6.521,6.547,221884099.0,1452.68,0.46,0.74,0.048,0.0,518880,黄金ETF,2025-09-06 17:14:18,,,,,,,,,,,,,,,,,,,,,,,,
2025-03-04,6.49,6.507,6.487,6.499,265743800.0,1727.07,0.31,0.74,0.048,0.0,518880,黄金ETF,2025-09-06 17:14:18,,,,,,,,,,,,,,,,,,,,,,,,
2025-03-03,6.445,6.455,6.435,6.451,258749948.0,1669.2,0.31,0.11,0.007,0.0,518880,黄金ETF,2025-09-06 17:14:18,,,,,,,,,,,,,,,,,,,,,,,,
2025-02-28,6.479,6.487,6.435,6.444,280864400.0,1809.89,0.8,-0.74,-0.048,0.0,518880,黄金ETF,2025-09-06 17:14:18,,,,,,,,,,,,,,,,,,,,,,,,
2025-02-27,6.533,6.541,6.484,6.492,303901035.0,1972.93,0.87,-0.41,-0.027,0.0,518880,黄金ETF,2025-09-06 17:14:18,,,,,,,,,,,,,,,,,,,,,,,,
2025-02-26,6.562,6.564,6.515,6.519,294958637.0,1922.84,0.74,-0.96,-0.063,0.0,518880,黄金ETF,2025-09-06 17:14:18,,,,,,,,,,,,,,,,,,,,,,,,
2025-02-25,6.605,6.611,6.575,6.582,264729920.0,1742.45,0.55,0.02,0.001,0.0,518880,黄金ETF,2025-09-06 17:14:18,,,,,,,,,,,,,,,,,,,,,,,,
2025-02-24,6.549,6.586,6.539,6.581,246679300.0,1623.4,0.72,0.2,0.013,0.0,518880,黄金ETF,2025-09-06 17:14:18,,,,,,,,,,,,,,,,,,,,,,,,
2025-02-21,6.608,6.608,6.544,6.568,411983897.0,2705.91,0.97,-0.77,-0.051,0.0,518880,黄金ETF,2025-09-06 17:14:18,,,,,,,,,,,,,,,,,,,,,,,,
2025-02-20,6.61,6.621,6.598,6.619,208220000.0,1378.21,0.35,0.32,0.021,0.0,518880,黄金ETF,2025-09-06 17:14:18,,,,,,,,,,,,,,,,,,,,,,,,
2025-02-19,6.595,6.624,6.576,6.598,315610500.0,2082.4,0.73,0.66,0.043,0.0,518880,黄金ETF,2025-09-06 17:14:18,,,,,,,,,,,,,,,,,,,,,,,,
2025-02-18,6.5,6.56,6.497,6.555,292830130.0,1919.5,0.97,0.94,0.061,0.0,518880,黄金ETF,2025-09-06 17:14:18,,,,,,,,,,,,,,,,,,,,,,,,
2025-02-17,6.477,6.505,6.47,6.494,396972681.0,2577.94,0.53,-1.68,-0.111,0.0,518880,黄金ETF,2025-09-06 17:14:18,,,,,,,,,,,,,,,,,,,,,,,,
2025-02-14,6.599,6.607,6.585,6.605,246676102.0,1629.3,0.33,0.53,0.035,0.0,518880,黄金ETF,2025-09-06 17:14:18,,,,,,,,,,,,,,,,,,,,,,,,
2025-02-13,6.564,6.587,6.559,6.57,284025229.0,1866.05,0.43,0.49,0.032,0.0,518880,黄金ETF,2025-09-06 17:14:18,,,,,,,,,,,,,,,,,,,,,,,,
2025-02-12,6.542,6.548,6.511,6.538,342637100.0,2240.16,0.56,-0.7,-0.046,0.0,518880,黄金ETF,2025-09-06 17:14:18,,,,,,,,,,,,,,,,,,,,,,,,
2025-02-11,6.628,6.645,6.531,6.584,688982800.0,4536.26,1.75,1.01,0.066,0.0,518880,黄金ETF,2025-09-06 17:14:18,,,,,,,,,,,,,,,,,,,,,,,,
2025-02-10,6.46,6.519,6.46,6.518,315643190.0,2057.36,0.92,1.53,0.098,0.0,518880,黄金ETF,2025-09-06 17:14:18,,,,,,,,,,,,,,,,,,,,,,,,
2025-02-07,6.43,6.435,6.414,6.42,202194200.0,1298.09,0.33,0.28,0.018,0.0,518880,黄金ETF,2025-09-06 17:14:18,,,,,,,,,,,,,,,,,,,,,,,,
2025-02-06,6.441,6.454,6.4,6.402,305318100.0,1954.65,0.84,-0.57,-0.037,0.0,518880,黄金ETF,2025-09-06 17:14:18,,,,,,,,,,,,,,,,,,,,,,,,
2025-02-05,6.4,6.441,6.385,6.439,367016108.0,2363.22,0.9,3.82,0.237,0.0,518880,黄金ETF,2025-09-06 17:14:18,,,,,,,,,,,,,,,,,,,,,,,,
2025-01-27,6.218,6.218,6.181,6.202,228818694.0,1419.13,0.6,-0.26,-0.016,0.0,518880,黄金ETF,2025-09-06 17:14:18,,,,,,,,,,,,,,,,,,,,,,,,
2025-01-24,6.209,6.225,6.199,6.218,227492200.0,1414.55,0.42,0.5,0.031,0.0,518880,黄金ETF,2025-09-06 17:14:18,,,,,,,,,,,,,,,,,,,,,,,,
2025-01-23,6.183,6.194,6.18,6.187,192367943.0,1190.18,0.23,0.1,0.006,0.0,518880,黄金ETF,2025-09-06 17:14:18,,,,,,,,,,,,,,,,,,,,,,,,
2025-01-22,6.17,6.215,6.169,6.181,296770527.0,1834.34,0.75,0.88,0.054,0.0,518880,黄金ETF,2025-09-06 17:14:18,,,,,,,,,,,,,,,,,,,,,,,,
2025-01-21,6.102,6.131,6.102,6.127,195442100.0,1197.47,0.47,0.0,0.0,0.0,518880,黄金ETF,2025-09-06 17:14:18,,,,,,,,,,,,,,,,,,,,,,,,
2025-01-20,6.091,6.131,6.089,6.127,198219500.0,1214.49,0.68,-0.2,-0.012,0.0,518880,黄金ETF,2025-09-06 17:14:18,,,,,,,,,,,,,,,,,,,,,,,,
2025-01-17,6.146,6.162,6.136,6.139,247982000.0,1522.36,0.42,0.28,0.017,0.0,518880,黄金ETF,2025-09-06 17:14:18,,,,,,,,,,,,,,,,,,,,,,,,
2025-01-16,6.139,6.141,6.11,6.122,241313300.0,1477.32,0.51,0.33,0.02,0.0,518880,黄金ETF,2025-09-06 17:14:18,,,,,,,,,,,,,,,,,,,,,,,,
2025-01-15,6.075,6.109,6.07,6.102,238686400.0,1456.46,0.64,0.56,0.034,0.0,518880,黄金ETF,2025-09-06 17:14:18,,,,,,,,,,,,,,,,,,,,,,,,
2025-01-14,6.07,6.075,6.062,6.068,286920000.0,1741.03,0.21,-0.85,-0.052,0.0,518880,黄金ETF,2025-09-06 17:14:18,,,,,,,,,,,,,,,,,,,,,,,,
2025-01-13,6.105,6.133,6.104,6.12,353089300.0,2160.91,0.48,0.25,0.015,0.0,518880,黄金ETF,2025-09-06 17:14:18,,,,,,,,,,,,,,,,,,,,,,,,
2025-01-10,6.078,6.109,6.075,6.105,241484690.0,1474.26,0.56,0.66,0.04,0.0,518880,黄金ETF,2025-09-06 17:14:18,,,,,,,,,,,,,,,,,,,,,,,,
2025-01-09,6.038,6.066,6.032,6.065,156605360.0,949.81,0.56,0.58,0.035,0.0,518880,黄金ETF,2025-09-06 17:14:18,,,,,,,,,,,,,,,,,,,,,,,,
2025-01-08,6.01,6.031,6.01,6.03,160473261.0,967.65,0.35,0.5,0.03,0.0,518880,黄金ETF,2025-09-06 17:14:18,,,,,,,,,,,,,,,,,,,,,,,,
2025-01-07,5.992,6.009,5.987,6.0,217772898.0,1306.64,0.37,0.17,0.01,0.0,518880,黄金ETF,2025-09-06 17:14:18,,,,,,,,,,,,,,,,,,,,,,,,
2025-01-06,6.023,6.025,5.984,5.99,298085000.0,1785.53,0.68,-0.65,-0.039,0.0,518880,黄金ETF,2025-09-06 17:14:18,,,,,,,,,,,,,,,,,,,,,,,,
2025-01-03,6.02,6.034,6.012,6.029,275912900.0,1663.48,0.37,0.87,0.052,0.0,518880,黄金ETF,2025-09-06 17:14:18,,,,,,,,,,,,,,,,,,,,,,,,
2025-01-02,5.975,5.981,5.96,5.977,233072893.0,1393.08,0.35,0.83,0.049,0.0,518880,黄金ETF,2025-09-06 17:14:18,,,,,,,,,,,,,,,,,,,,,,,,
2024-12-31,5.914,5.932,5.9,5.928,164833500.0,977.13,0.54,0.08,0.005,0.0,518880,黄金ETF,2025-09-06 17:14:18,,,,,,,,,,,,,,,,,,,,,,,,
2024-12-30,5.934,5.939,5.92,5.923,166024900.0,983.37,0.32,-0.37,-0.022,0.0,518880,黄金ETF,2025-09-06 17:14:18,,,,,,,,,,,,,,,,,,,,,,,,
2024-12-27,5.95,5.952,5.939,5.945,176506800.0,1049.33,0.22,0.08,0.005,0.0,518880,黄金ETF,2025-09-06 17:14:18,,,,,,,,,,,,,,,,,,,,,,,,
2024-12-26,5.955,5.957,5.937,5.94,183751700.0,1091.49,0.34,0.07,0.004,0.0,518880,黄金ETF,2025-09-06 17:14:18,,,,,,,,,,,,,,,,,,,,,,,,
2024-12-25,5.932,5.939,5.929,5.936,144513901.0,857.83,0.17,0.25,0.015,0.0,518880,黄金ETF,2025-09-06 17:14:18,,,,,,,,,,,,,,,,,,,,,,,,
2024-12-24,5.928,5.931,5.916,5.921,227964108.0,1349.78,0.25,-0.5,-0.03,0.0,518880,黄金ETF,2025-09-06 17:14:18,,,,,,,,,,,,,,,,,,,,,,,,
2024-12-23,5.919,5.953,5.918,5.951,279767800.0,1664.9,0.59,1.0,0.059,0.0,518880,黄金ETF,2025-09-06 17:14:18,,,,,,,,,,,,,,,,,,,,,,,,
2024-12-20,5.877,5.894,5.866,5.892,243382915.0,1434.01,0.48,0.12,0.007,0.0,518880,黄金ETF,2025-09-06 17:14:18,,,,,,,,,,,,,,,,,,,,,,,,
2024-12-19,5.867,5.906,5.867,5.885,362233900.0,2131.75,0.66,-0.79,-0.047,0.0,518880,黄金ETF,2025-09-06 17:14:18,,,,,,,,,,,,,,,,,,,,,,,,
2024-12-18,5.942,5.948,5.929,5.932,183543592.0,1088.78,0.32,-0.13,-0.008,0.0,518880,黄金ETF,2025-09-06 17:14:18,,,,,,,,,,,,,,,,,,,,,,,,
2024-12-17,5.957,5.97,5.936,5.94,253857200.0,1507.91,0.57,-0.12,-0.007,0.0,518880,黄金ETF,2025-09-06 17:14:18,,,,,,,,,,,,,,,,,,,,,,,,
2024-12-16,5.945,5.95,5.933,5.947,251389700.0,1495.01,0.28,-0.9,-0.054,0.0,518880,黄金ETF,2025-09-06 17:14:18,,,,,,,,,,,,,,,,,,,,,,,,
2024-12-13,6.016,6.018,5.991,6.001,268642400.0,1612.12,0.45,-0.84,-0.051,0.0,518880,黄金ETF,2025-09-06 17:14:18,,,,,,,,,,,,,,,,,,,,,,,,
2024-12-12,6.038,6.054,6.025,6.052,285029200.0,1725.0,0.48,0.68,0.041,0.0,518880,黄金ETF,2025-09-06 17:14:18,,,,,,,,,,,,,,,,,,,,,,,,
2024-12-11,6.028,6.03,5.977,6.011,368489600.0,2214.99,0.89,0.84,0.05,0.0,518880,黄金ETF,2025-09-06 17:14:18,,,,,,,,,,,,,,,,,,,,,,,,
2024-12-10,5.97,5.972,5.949,5.961,302287000.0,1801.93,0.39,0.42,0.025,0.0,518880,黄金ETF,2025-09-06 17:14:18,,,,,,,,,,,,,,,,,,,,,,,,
2024-12-09,5.941,5.946,5.925,5.936,240632900.0,1428.4,0.36,0.56,0.033,0.0,518880,黄金ETF,2025-09-06 17:14:18,,,,,,,,,,,,,,,,,,,,,,,,
2024-12-06,5.866,5.91,5.861,5.903,291762000.0,1722.27,0.83,-0.4,-0.024,0.0,518880,黄金ETF,2025-09-06 17:14:18,,,,,,,,,,,,,,,,,,,,,,,,
2024-12-05,5.937,5.943,5.923,5.927,223843600.0,1326.72,0.34,-0.03,-0.002,0.0,518880,黄金ETF,2025-09-06 17:14:18,,,,,,,,,,,,,,,,,,,,,,,,
2024-12-04,5.915,5.938,5.913,5.929,216982400.0,1286.49,0.42,-0.03,-0.002,0.0,518880,黄金ETF,2025-09-06 17:14:18,,,,,,,,,,,,,,,,,,,,,,,,
2024-12-03,5.917,5.942,5.911,5.931,290402200.0,1722.38,0.53,1.0,0.059,0.0,518880,黄金ETF,2025-09-06 17:14:18,,,,,,,,,,,,,,,,,,,,,,,,
2024-12-02,5.85,5.885,5.848,5.872,300225600.0,1762.92,0.62,-0.86,-0.051,0.0,518880,黄金ETF,2025-09-06 17:14:18,,,,,,,,,,,,,,,,,,,,,,,,
2024-11-29,5.879,5.927,5.878,5.923,372669395.0,2207.32,0.83,0.92,0.054,0.0,518880,黄金ETF,2025-09-06 17:14:18,,,,,,,,,,,,,,,,,,,,,,,,
2024-11-28,5.831,5.877,5.823,5.869,351338498.0,2062.01,0.92,-0.51,-0.03,0.0,518880,黄金ETF,2025-09-06 17:14:18,,,,,,,,,,,,,,,,,,,,,,,,
2024-11-27,5.86,5.904,5.856,5.899,354456000.0,2090.94,0.82,0.94,0.055,0.0,518880,黄金ETF,2025-09-06 17:14:18,,,,,,,,,,,,,,,,,,,,,,,,
2024-11-26,5.835,5.856,5.825,5.844,367569300.0,2148.07,0.52,-1.22,-0.072,0.0,518880,黄金ETF,2025-09-06 17:14:18,,,,,,,,,,,,,,,,,,,,,,,,
2024-11-25,6.009,6.013,5.893,5.916,773564810.0,4576.41,2.0,-1.56,-0.094,0.0,518880,黄金ETF,2025-09-06 17:14:18,,,,,,,,,,,,,,,,,,,,,,,,
2024-11-22,5.968,6.011,5.967,6.01,479450110.0,2881.5,0.74,1.3,0.077,0.0,518880,黄金ETF,2025-09-06 17:14:18,,,,,,,,,,,,,,,,,,,,,,,,
2024-11-21,5.914,5.934,5.909,5.933,347102500.0,2059.36,0.43,1.3,0.076,0.0,518880,黄金ETF,2025-09-06 17:14:18,,,,,,,,,,,,,,,,,,,,,,,,
2024-11-20,5.9,5.9,5.855,5.857,393326310.0,2303.71,0.77,-0.02,-0.001,0.0,518880,黄金ETF,2025-09-06 17:14:18,,,,,,,,,,,,,,,,,,,,,,,,
2024-11-19,5.811,5.86,5.809,5.858,412895600.0,2418.74,0.89,1.74,0.1,0.0,518880,黄金ETF,2025-09-06 17:14:18,,,,,,,,,,,,,,,,,,,,,,,,
2024-11-18,5.748,5.773,5.738,5.758,380796200.0,2192.62,0.62,1.32,0.075,0.0,518880,黄金ETF,2025-09-06 17:14:18,,,,,,,,,,,,,,,,,,,,,,,,
2024-11-15,5.711,5.712,5.667,5.683,410136300.0,2330.8,0.79,0.05,0.003,0.0,518880,黄金ETF,2025-09-06 17:14:18,,,,,,,,,,,,,,,,,,,,,,,,
2024-11-14,5.724,5.73,5.669,5.68,436011000.0,2476.54,1.05,-2.0,-0.116,0.0,518880,黄金ETF,2025-09-06 17:14:18,,,,,,,,,,,,,,,,,,,,,,,,
2024-11-13,5.805,5.814,5.795,5.796,294570000.0,1707.33,0.33,-0.19,-0.011,0.0,518880,黄金ETF,2025-09-06 17:14:18,,,,,,,,,,,,,,,,,,,,,,,,
2024-11-12,5.83,5.841,5.8,5.807,361393200.0,2098.61,0.69,-1.66,-0.098,0.0,518880,黄金ETF,2025-09-06 17:14:18,,,,,,,,,,,,,,,,,,,,,,,,
2024-11-11,5.901,5.91,5.889,5.905,293895478.0,1735.45,0.36,0.12,0.007,0.0,518880,黄金ETF,2025-09-06 17:14:18,,,,,,,,,,,,,,,,,,,,,,,,
2024-11-08,5.925,5.936,5.888,5.898,544198350.0,3209.68,0.82,0.65,0.038,0.0,518880,黄金ETF,2025-09-06 17:14:18,,,,,,,,,,,,,,,,,,,,,,,,
2024-11-07,5.865,5.881,5.857,5.86,497191100.0,2913.54,0.4,-2.24,-0.134,0.0,518880,黄金ETF,2025-09-06 17:14:18,,,,,,,,,,,,,,,,,,,,,,,,
2024-11-06,6.028,6.062,5.973,5.994,531028205.0,3182.98,1.48,-0.2,-0.012,0.0,518880,黄金ETF,2025-09-06 17:14:18,,,,,,,,,,,,,,,,,,,,,,,,
2024-11-05,6.003,6.008,5.967,6.006,346522500.0,2081.21,0.68,0.0,0.0,0.0,518880,黄金ETF,2025-09-06 17:14:18,,,,,,,,,,,,,,,,,,,,,,,,
2024-11-04,6.011,6.023,5.988,6.006,320647168.0,1925.81,0.58,-0.74,-0.045,0.0,518880,黄金ETF,2025-09-06 17:14:18,,,,,,,,,,,,,,,,,,,,,,,,
2024-11-01,6.017,6.068,6.017,6.051,315790200.0,1910.85,0.84,-0.85,-0.052,0.0,518880,黄金ETF,2025-09-06 17:14:18,,,,,,,,,,,,,,,,,,,,,,,,
2024-10-31,6.14,6.14,6.102,6.103,363724451.0,2219.81,0.62,-0.6,-0.037,0.0,518880,黄金ETF,2025-09-06 17:14:18,,,,,,,,,,,,,,,,,,,,,,,,
2024-10-30,6.111,6.146,6.104,6.14,388115000.0,2383.03,0.69,1.19,0.072,0.0,518880,黄金ETF,2025-09-06 17:14:18,,,,,,,,,,,,,,,,,,,,,,,,
2024-10-29,6.036,6.069,6.036,6.068,316439000.0,1920.15,0.55,0.85,0.051,0.0,518880,黄金ETF,2025-09-06 17:14:18,,,,,,,,,,,,,,,,,,,,,,,,
2024-10-28,5.986,6.03,5.985,6.017,290528400.0,1748.11,0.75,0.32,0.019,0.0,518880,黄金ETF,2025-09-06 17:14:18,,,,,,,,,,,,,,,,,,,,,,,,
2024-10-25,5.994,5.999,5.982,5.998,280008900.0,1679.49,0.28,0.05,0.003,0.0,518880,黄金ETF,2025-09-06 17:14:18,,,,,,,,,,,,,,,,,,,,,,,,
2024-10-24,6.0,6.005,5.958,5.995,350982100.0,2104.14,0.78,-1.01,-0.061,0.0,518880,黄金ETF,2025-09-06 17:14:18,,,,,,,,,,,,,,,,,,,,,,,,
2024-10-23,6.042,6.058,6.02,6.056,354670000.0,2147.88,0.63,0.63,0.038,0.0,518880,黄金ETF,2025-09-06 17:14:18,,,,,,,,,,,,,,,,,,,,,,,,
2024-10-22,6.018,6.027,6.004,6.018,267072100.0,1607.24,0.38,-0.03,-0.002,0.0,518880,黄金ETF,2025-09-06 17:14:18,,,,,,,,,,,,,,,,,,,,,,,,
2024-10-21,5.995,6.021,5.978,6.02,382224400.0,2300.99,0.72,1.26,0.075,0.0,518880,黄金ETF,2025-09-06 17:14:18,,,,,,,,,,,,,,,,,,,,,,,,
2024-10-18,5.961,5.984,5.91,5.945,570444300.0,3391.29,1.25,0.68,0.04,0.0,518880,黄金ETF,2025-09-06 17:14:18,,,,,,,,,,,,,,,,,,,,,,,,
2024-10-17,5.891,5.912,5.887,5.905,356603700.0,2105.74,0.42,0.36,0.021,0.0,518880,黄金ETF,2025-09-06 17:14:18,,,,,,,,,,,,,,,,,,,,,,,,
2024-10-16,5.853,5.886,5.837,5.884,440183155.0,2590.04,0.84,1.47,0.085,0.0,518880,黄金ETF,2025-09-06 17:14:18,,,,,,,,,,,,,,,,,,,,,,,,
2024-10-15,5.776,5.802,5.773,5.799,271211600.0,1572.76,0.5,0.0,0.0,0.0,518880,黄金ETF,2025-09-06 17:14:18,,,,,,,,,,,,,,,,,,,,,,,,
2024-10-14,5.77,5.806,5.751,5.799,316405300.0,1834.83,0.96,1.05,0.06,0.0,518880,黄金ETF,2025-09-06 17:14:18,,,,,,,,,,,,,,,,,,,,,,,,
2024-10-11,5.715,5.758,5.715,5.739,257920870.0,1480.21,0.76,1.11,0.063,0.0,518880,黄金ETF,2025-09-06 17:14:18,,,,,,,,,,,,,,,,,,,,,,,,
2024-10-10,5.647,5.678,5.642,5.676,190258610.0,1079.91,0.64,0.64,0.036,0.0,518880,黄金ETF,2025-09-06 17:14:18,,,,,,,,,,,,,,,,,,,,,,,,
2024-10-09,5.67,5.679,5.636,5.64,369150402.0,2082.01,0.75,-1.3,-0.074,0.0,518880,黄金ETF,2025-09-06 17:14:18,,,,,,,,,,,,,,,,,,,,,,,,
2024-10-08,5.682,5.757,5.681,5.714,446545969.0,2551.56,1.33,0.12,0.007,0.0,518880,黄金ETF,2025-09-06 17:14:18,,,,,,,,,,,,,,,,,,,,,,,,
2024-09-30,5.644,5.717,5.63,5.707,399224420.0,2278.37,1.52,-0.02,-0.001,0.0,518880,黄金ETF,2025-09-06 17:14:18,,,,,,,,,,,,,,,,,,,,,,,,
2024-09-27,5.751,5.764,5.698,5.708,166263100.0,949.03,1.15,-0.75,-0.043,0.0,518880,黄金ETF,2025-09-06 17:14:18,,,,,,,,,,,,,,,,,,,,,,,,
2024-09-26,5.76,5.765,5.74,5.751,306137800.0,1760.6,0.44,0.19,0.011,0.0,518880,黄金ETF,2025-09-06 17:14:18,,,,,,,,,,,,,,,,,,,,,,,,
2024-09-25,5.724,5.771,5.724,5.74,280656366.0,1610.97,0.82,0.75,0.043,0.0,518880,黄金ETF,2025-09-06 17:14:18,,,,,,,,,,,,,,,,,,,,,,,,
2024-09-24,5.723,5.732,5.689,5.697,323108700.0,1840.75,0.75,-0.25,-0.014,0.0,518880,黄金ETF,2025-09-06 17:14:18,,,,,,,,,,,,,,,,,,,,,,,,
2024-09-23,5.685,5.725,5.684,5.711,238092754.0,1359.75,0.72,0.85,0.048,0.0,518880,黄金ETF,2025-09-06 17:14:18,,,,,,,,,,,,,,,,,,,,,,,,
2024-09-20,5.619,5.665,5.618,5.663,171352400.0,970.37,0.84,1.13,0.063,0.0,518880,黄金ETF,2025-09-06 17:14:18,,,,,,,,,,,,,,,,,,,,,,,,
2024-09-19,5.591,5.611,5.578,5.6,254086300.0,1422.88,0.59,-0.16,-0.009,0.0,518880,黄金ETF,2025-09-06 17:14:18,,,,,,,,,,,,,,,,,,,,,,,,
2024-09-18,5.621,5.626,5.602,5.609,292541400.0,1640.86,0.43,-0.04,-0.002,0.0,518880,黄金ETF,2025-09-06 17:14:18,,,,,,,,,,,,,,,,,,,,,,,,
2024-09-13,5.613,5.623,5.604,5.611,218494000.0,1225.97,0.34,1.45,0.08,0.0,518880,黄金ETF,2025-09-06 17:14:18,,,,,,,,,,,,,,,,,,,,,,,,
2024-09-12,5.528,5.537,5.52,5.531,142873300.0,790.23,0.31,-0.2,-0.011,0.0,518880,黄金ETF,2025-09-06 17:14:18,,,,,,,,,,,,,,,,,,,,,,,,
2024-09-11,5.536,5.545,5.526,5.542,129344622.0,716.83,0.34,0.53,0.029,0.0,518880,黄金ETF,2025-09-06 17:14:18,,,,,,,,,,,,,,,,,,,,,,,,
2024-09-10,5.512,5.517,5.505,5.513,103763822.0,572.05,0.22,0.66,0.036,0.0,518880,黄金ETF,2025-09-06 17:14:18,,,,,,,,,,,,,,,,,,,,,,,,
2024-09-09,5.485,5.5,5.468,5.477,167280900.0,916.2,0.58,-0.73,-0.04,0.0,518880,黄金ETF,2025-09-06 17:14:18,,,,,,,,,,,,,,,,,,,,,,,,
2024-09-06,5.51,5.526,5.507,5.517,151267984.0,834.55,0.0,0.0,0.0,0.0,518880,黄金ETF,2025-09-06 17:14:18,,,,,,,,,,,,,,,,,,,,,,,,
