日期,开盘,最高,最低,收盘,成交量,成交额,振幅,涨跌幅,涨跌额,换手率,ETF代码,ETF名称,爬取时间,折溢价率,IOPV,前收盘,量比,委比,外盘,内盘,主力净流入-净额,主力净流入-净占比,超大单净流入-净额,超大单净流入-净占比,大单净流入-净额,大单净流入-净占比,中单净流入-净额,中单净流入-净占比,小单净流入-净额,小单净流入-净占比,现手,买一,卖一,最新份额,流通市值,总市值,更新时间
2025-09-22,3.051,3.079,3.043,3.077,24208411.0,744892.81,1.18,0.85,0.026,,560010,中证1000ETF指数,2025-09-22 21:52:51,,,,,,,,,,,,,,,,,,,,,,,,
2025-09-19,3.063,3.088,3.038,3.056,56052935.0,1712977.69,1.63,-0.29,-0.009,,560010,中证1000ETF指数,2025-09-19 18:14:22,,,,,,,,,,,,,,,,,,,,,,,,
2025-09-18,3.107,3.148,3.048,3.065,78504580.0,2406165.38,3.22,-1.32,-0.041,,560010,中证1000ETF指数,2025-09-19 18:14:22,,,,,,,,,,,,,,,,,,,,,,,,
2025-09-17,3.068,3.11,3.062,3.106,30240965.0,939284.37,1.56,1.24,0.038,,560010,中证1000ETF指数,2025-09-19 18:14:22,,,,,,,,,,,,,,,,,,,,,,,,
2025-09-16,3.04,3.078,3.021,3.075,39497501.0,1214548.16,1.87,1.15,0.035,,560010,中证1000ETF指数,2025-09-18 22:22:51,,,,,,,,,,,,,,,,,,,,,,,,
2025-09-12,3.045,3.07,3.031,3.05,3249.65,99138641.0,1.28,0.16,0.005,0.29,560010,中证1000ETF指数,2025-09-12 22:21:36,-0.01,3.0498,3.045,0.69,-9.81,152840.0,172125.0,2741690.0,2.77,9707353.0,9.79,-6965663.0,-7.03,-4569657.0,-4.61,1827967.0,1.84,-300.0,3.05,3.051,11364621824.0,34662096563.0,34662096563.0,2025-09-12 16:11:37+08:00
2025-09-11,2.963,3.045,2.939,3.045,40379326.0,1229550.48,0.0,0.0,0.0,0.0,560010,中证1000ETF指数,2025-09-11 22:22:15,0.0,,,,,,,,,,,,,,,,,,,,,,,
2025-09-10,2.965,2.998,2.948,2.963,32865737.0,973811.79,0.0,0.0,0.0,0.0,560010,中证1000ETF指数,2025-09-10 22:21:27,0.0,,,,,,,,,,,,,,,,,,,,,,,
2025-09-09,2.999,3.001,2.953,2.966,41057693.0,1217771.17,0.0,0.0,0.0,0.0,560010,中证1000ETF指数,2025-09-09 18:27:56,,,,,,,,,,,,,,,,,,,,,,,,
2025-09-08,2.96,3.008,2.96,3.0,82871126.0,2486133.78,0.0,0.0,0.0,0.0,560010,中证1000ETF指数,2025-09-08 18:27:51,,,,,,,,,,,,,,,,,,,,,,,,
2025-09-05,2.889,2.979,2.885,2.975,37523280.0,111.63,3.25,2.98,0.086,0.0,560010,中证1000ETF指数,2025-09-06 17:14:18,,,,,,,,,,,,,,,,,,,,,,,,
2025-09-04,2.95,2.979,2.849,2.889,80600658.0,232.86,4.4,-2.23,-0.066,0.0,560010,中证1000ETF指数,2025-09-06 17:14:18,,,,,,,,,,,,,,,,,,,,,,,,
2025-09-03,3.003,3.02,2.946,2.955,49550213.0,146.42,2.47,-1.53,-0.046,0.0,560010,中证1000ETF指数,2025-09-06 17:14:18,,,,,,,,,,,,,,,,,,,,,,,,
2025-09-02,3.074,3.074,2.979,3.001,64734683.0,194.27,3.09,-2.44,-0.075,0.0,560010,中证1000ETF指数,2025-09-06 17:14:18,,,,,,,,,,,,,,,,,,,,,,,,
2025-09-01,3.052,3.078,3.044,3.076,40738501.0,125.31,1.11,0.79,0.024,0.0,560010,中证1000ETF指数,2025-09-06 17:14:18,,,,,,,,,,,,,,,,,,,,,,,,
2025-08-29,3.056,3.07,3.026,3.052,54032575.0,164.91,1.44,-0.13,-0.004,0.0,560010,中证1000ETF指数,2025-09-06 17:14:18,,,,,,,,,,,,,,,,,,,,,,,,
2025-08-28,3.016,3.058,2.962,3.056,116873582.0,357.17,3.18,1.29,0.039,0.0,560010,中证1000ETF指数,2025-09-06 17:14:18,,,,,,,,,,,,,,,,,,,,,,,,
2025-08-27,3.057,3.105,3.012,3.017,74211696.0,223.9,3.03,-1.63,-0.05,0.0,560010,中证1000ETF指数,2025-09-06 17:14:18,,,,,,,,,,,,,,,,,,,,,,,,
2025-08-26,3.056,3.091,3.049,3.067,59397932.0,182.17,1.37,-0.16,-0.005,0.0,560010,中证1000ETF指数,2025-09-06 17:14:18,,,,,,,,,,,,,,,,,,,,,,,,
2025-08-25,3.021,3.087,3.021,3.072,188259631.0,578.33,2.18,1.52,0.046,0.0,560010,中证1000ETF指数,2025-09-06 17:14:18,,,,,,,,,,,,,,,,,,,,,,,,
2025-08-22,2.977,3.033,2.977,3.026,65428796.0,197.99,1.88,1.54,0.046,0.0,560010,中证1000ETF指数,2025-09-06 17:14:18,,,,,,,,,,,,,,,,,,,,,,,,
2025-08-21,3.005,3.015,2.964,2.98,58247337.0,173.58,1.7,-0.8,-0.024,0.0,560010,中证1000ETF指数,2025-09-06 17:14:18,,,,,,,,,,,,,,,,,,,,,,,,
2025-08-20,2.965,3.006,2.939,3.004,80022317.0,240.39,2.25,1.04,0.031,0.0,560010,中证1000ETF指数,2025-09-06 17:14:18,,,,,,,,,,,,,,,,,,,,,,,,
2025-08-19,2.968,2.99,2.953,2.973,100101287.0,297.6,1.25,0.17,0.005,0.0,560010,中证1000ETF指数,2025-09-06 17:14:18,,,,,,,,,,,,,,,,,,,,,,,,
2025-08-18,2.936,2.988,2.929,2.968,102998461.0,305.7,2.02,1.44,0.042,0.0,560010,中证1000ETF指数,2025-09-06 17:14:18,,,,,,,,,,,,,,,,,,,,,,,,
2025-08-15,2.866,2.927,2.856,2.926,57270844.0,167.57,2.47,1.95,0.056,0.0,560010,中证1000ETF指数,2025-09-06 17:14:18,,,,,,,,,,,,,,,,,,,,,,,,
2025-08-14,2.901,2.907,2.858,2.87,50539798.0,145.05,1.69,-1.07,-0.031,0.0,560010,中证1000ETF指数,2025-09-06 17:14:18,,,,,,,,,,,,,,,,,,,,,,,,
2025-08-13,2.862,2.907,2.861,2.901,52373619.0,151.94,1.61,1.4,0.04,0.0,560010,中证1000ETF指数,2025-09-06 17:14:18,,,,,,,,,,,,,,,,,,,,,,,,
2025-08-12,2.843,2.864,2.831,2.861,56954375.0,162.95,1.16,0.46,0.013,0.0,560010,中证1000ETF指数,2025-09-06 17:14:18,,,,,,,,,,,,,,,,,,,,,,,,
2025-08-11,2.808,2.857,2.808,2.848,56852469.0,161.92,1.75,1.42,0.04,0.0,560010,中证1000ETF指数,2025-09-06 17:14:18,,,,,,,,,,,,,,,,,,,,,,,,
2025-08-08,2.811,2.815,2.795,2.808,39025637.0,109.58,0.71,-0.21,-0.006,0.0,560010,中证1000ETF指数,2025-09-06 17:14:18,,,,,,,,,,,,,,,,,,,,,,,,
2025-08-07,2.816,2.827,2.795,2.814,75525020.0,212.53,1.14,-0.07,-0.002,0.0,560010,中证1000ETF指数,2025-09-06 17:14:18,,,,,,,,,,,,,,,,,,,,,,,,
2025-08-06,2.783,2.82,2.778,2.816,44695744.0,125.86,1.51,1.11,0.031,0.0,560010,中证1000ETF指数,2025-09-06 17:14:18,,,,,,,,,,,,,,,,,,,,,,,,
2025-08-05,2.769,2.786,2.764,2.785,35023060.0,97.54,0.79,0.58,0.016,0.0,560010,中证1000ETF指数,2025-09-06 17:14:18,,,,,,,,,,,,,,,,,,,,,,,,
2025-08-04,2.728,2.77,2.718,2.769,38715904.0,107.2,1.9,1.24,0.034,0.0,560010,中证1000ETF指数,2025-09-06 17:14:18,,,,,,,,,,,,,,,,,,,,,,,,
2025-08-01,2.729,2.75,2.717,2.735,62788411.0,171.73,1.21,0.0,0.0,0.0,560010,中证1000ETF指数,2025-09-06 17:14:18,,,,,,,,,,,,,,,,,,,,,,,,
2025-07-31,2.754,2.769,2.722,2.735,39707043.0,108.6,1.7,-0.8,-0.022,0.0,560010,中证1000ETF指数,2025-09-06 17:14:18,,,,,,,,,,,,,,,,,,,,,,,,
2025-07-30,2.779,2.779,2.736,2.757,30819426.0,84.97,1.55,-0.83,-0.023,0.0,560010,中证1000ETF指数,2025-09-06 17:14:18,,,,,,,,,,,,,,,,,,,,,,,,
2025-07-29,2.758,2.781,2.739,2.78,39642790.0,110.21,1.52,0.8,0.022,0.0,560010,中证1000ETF指数,2025-09-06 17:14:18,,,,,,,,,,,,,,,,,,,,,,,,
2025-07-28,2.747,2.766,2.736,2.758,88789663.0,244.88,1.09,0.29,0.008,0.0,560010,中证1000ETF指数,2025-09-06 17:14:18,,,,,,,,,,,,,,,,,,,,,,,,
2025-07-25,2.76,2.76,2.736,2.75,76393953.0,210.08,0.87,-0.07,-0.002,0.0,560010,中证1000ETF指数,2025-09-06 17:14:18,,,,,,,,,,,,,,,,,,,,,,,,
2025-07-24,2.714,2.754,2.702,2.752,57622768.0,158.58,1.92,1.36,0.037,0.0,560010,中证1000ETF指数,2025-09-06 17:14:18,,,,,,,,,,,,,,,,,,,,,,,,
2025-07-23,2.723,2.739,2.707,2.715,55081009.0,149.54,1.18,-0.29,-0.008,0.0,560010,中证1000ETF指数,2025-09-06 17:14:18,,,,,,,,,,,,,,,,,,,,,,,,
2025-07-22,2.708,2.725,2.704,2.723,56092480.0,152.74,0.78,0.55,0.015,0.0,560010,中证1000ETF指数,2025-09-06 17:14:18,,,,,,,,,,,,,,,,,,,,,,,,
2025-07-21,2.681,2.711,2.681,2.708,72197067.0,195.51,1.12,0.82,0.022,0.0,560010,中证1000ETF指数,2025-09-06 17:14:18,,,,,,,,,,,,,,,,,,,,,,,,
2025-07-18,2.681,2.694,2.672,2.686,42082938.0,113.03,0.82,0.19,0.005,0.0,560010,中证1000ETF指数,2025-09-06 17:14:18,,,,,,,,,,,,,,,,,,,,,,,,
2025-07-17,2.641,2.681,2.641,2.681,41474357.0,111.19,1.51,1.28,0.034,0.0,560010,中证1000ETF指数,2025-09-06 17:14:18,,,,,,,,,,,,,,,,,,,,,,,,
2025-07-16,2.638,2.662,2.636,2.647,59137543.0,156.54,0.98,0.27,0.007,0.0,560010,中证1000ETF指数,2025-09-06 17:14:18,,,,,,,,,,,,,,,,,,,,,,,,
2025-07-15,2.645,2.655,2.615,2.64,86773840.0,229.08,1.51,-0.3,-0.008,0.0,560010,中证1000ETF指数,2025-09-06 17:14:18,,,,,,,,,,,,,,,,,,,,,,,,
2025-07-14,2.647,2.66,2.639,2.648,136773178.0,362.18,0.79,0.0,0.0,0.0,560010,中证1000ETF指数,2025-09-06 17:14:18,,,,,,,,,,,,,,,,,,,,,,,,
2025-07-11,2.621,2.662,2.617,2.648,93330363.0,247.14,1.71,0.91,0.024,0.0,560010,中证1000ETF指数,2025-09-06 17:14:18,,,,,,,,,,,,,,,,,,,,,,,,
2025-07-10,2.611,2.637,2.61,2.624,37481721.0,98.35,1.03,0.15,0.004,0.0,560010,中证1000ETF指数,2025-09-06 17:14:18,,,,,,,,,,,,,,,,,,,,,,,,
2025-07-09,2.627,2.636,2.615,2.62,50795672.0,133.08,0.8,-0.23,-0.006,0.0,560010,中证1000ETF指数,2025-09-06 17:14:18,,,,,,,,,,,,,,,,,,,,,,,,
2025-07-08,2.587,2.628,2.585,2.626,46662147.0,122.53,1.66,1.39,0.036,0.0,560010,中证1000ETF指数,2025-09-06 17:14:18,,,,,,,,,,,,,,,,,,,,,,,,
2025-07-07,2.581,2.595,2.578,2.59,30421247.0,78.79,0.66,0.08,0.002,0.0,560010,中证1000ETF指数,2025-09-06 17:14:18,,,,,,,,,,,,,,,,,,,,,,,,
2025-07-04,2.595,2.614,2.578,2.588,73204448.0,189.45,1.39,-0.38,-0.01,0.0,560010,中证1000ETF指数,2025-09-06 17:14:18,,,,,,,,,,,,,,,,,,,,,,,,
2025-07-03,2.578,2.603,2.578,2.598,66855141.0,173.69,0.97,0.5,0.013,0.0,560010,中证1000ETF指数,2025-09-06 17:14:18,,,,,,,,,,,,,,,,,,,,,,,,
2025-07-02,2.606,2.606,2.575,2.585,43787441.0,113.19,1.19,-0.96,-0.025,0.0,560010,中证1000ETF指数,2025-09-06 17:14:18,,,,,,,,,,,,,,,,,,,,,,,,
2025-07-01,2.602,2.61,2.581,2.61,105245466.0,274.69,1.11,0.27,0.007,0.0,560010,中证1000ETF指数,2025-09-06 17:14:18,,,,,,,,,,,,,,,,,,,,,,,,
2025-06-30,2.568,2.606,2.566,2.603,235926739.0,614.12,1.56,1.36,0.035,0.0,560010,中证1000ETF指数,2025-09-06 17:14:18,,,,,,,,,,,,,,,,,,,,,,,,
2025-06-27,2.559,2.59,2.559,2.568,126013685.0,323.6,1.21,0.31,0.008,0.0,560010,中证1000ETF指数,2025-09-06 17:14:18,,,,,,,,,,,,,,,,,,,,,,,,
2025-06-26,2.571,2.583,2.559,2.56,110463033.0,282.79,0.93,-0.43,-0.011,0.0,560010,中证1000ETF指数,2025-09-06 17:14:18,,,,,,,,,,,,,,,,,,,,,,,,
2025-06-25,2.533,2.575,2.533,2.571,150705567.0,387.46,1.66,1.46,0.037,0.0,560010,中证1000ETF指数,2025-09-06 17:14:18,,,,,,,,,,,,,,,,,,,,,,,,
2025-06-24,2.486,2.534,2.486,2.534,95433563.0,241.83,1.93,1.97,0.049,0.0,560010,中证1000ETF指数,2025-09-06 17:14:18,,,,,,,,,,,,,,,,,,,,,,,,
2025-06-23,2.451,2.489,2.45,2.485,77984302.0,193.79,1.59,1.18,0.029,0.0,560010,中证1000ETF指数,2025-09-06 17:14:18,,,,,,,,,,,,,,,,,,,,,,,,
2025-06-20,2.477,2.482,2.455,2.456,75585560.0,185.64,1.09,-0.97,-0.024,0.0,560010,中证1000ETF指数,2025-09-06 17:14:18,,,,,,,,,,,,,,,,,,,,,,,,
2025-06-19,2.504,2.512,2.468,2.48,158678158.0,393.52,1.75,-1.12,-0.028,0.0,560010,中证1000ETF指数,2025-09-06 17:14:18,,,,,,,,,,,,,,,,,,,,,,,,
2025-06-18,2.51,2.514,2.492,2.508,111384416.0,279.35,0.88,-0.08,-0.002,0.0,560010,中证1000ETF指数,2025-09-06 17:14:18,,,,,,,,,,,,,,,,,,,,,,,,
2025-06-17,2.512,2.522,2.503,2.51,53228537.0,133.6,0.76,-0.08,-0.002,0.0,560010,中证1000ETF指数,2025-09-06 17:14:18,,,,,,,,,,,,,,,,,,,,,,,,
2025-06-16,2.496,2.518,2.492,2.512,46840889.0,117.66,1.04,0.6,0.015,0.0,560010,中证1000ETF指数,2025-09-06 17:14:18,,,,,,,,,,,,,,,,,,,,,,,,
2025-06-13,2.527,2.529,2.494,2.497,118740455.0,296.49,1.38,-1.27,-0.032,0.0,560010,中证1000ETF指数,2025-09-06 17:14:18,,,,,,,,,,,,,,,,,,,,,,,,
2025-06-12,2.52,2.537,2.511,2.529,76543272.0,193.58,1.03,0.08,0.002,0.0,560010,中证1000ETF指数,2025-09-06 17:14:18,,,,,,,,,,,,,,,,,,,,,,,,
2025-06-11,2.514,2.545,2.514,2.527,87105920.0,220.12,1.23,0.52,0.013,0.0,560010,中证1000ETF指数,2025-09-06 17:14:18,,,,,,,,,,,,,,,,,,,,,,,,
2025-06-10,2.542,2.543,2.495,2.514,58369610.0,146.74,1.89,-1.1,-0.028,0.0,560010,中证1000ETF指数,2025-09-06 17:14:18,,,,,,,,,,,,,,,,,,,,,,,,
2025-06-09,2.516,2.546,2.516,2.542,69552244.0,176.8,1.19,1.03,0.026,0.0,560010,中证1000ETF指数,2025-09-06 17:14:18,,,,,,,,,,,,,,,,,,,,,,,,
2025-06-06,2.519,2.523,2.508,2.516,41845259.0,105.28,0.6,-0.12,-0.003,0.0,560010,中证1000ETF指数,2025-09-06 17:14:18,,,,,,,,,,,,,,,,,,,,,,,,
2025-06-05,2.503,2.525,2.489,2.519,54168686.0,136.45,1.44,0.8,0.02,0.0,560010,中证1000ETF指数,2025-09-06 17:14:18,,,,,,,,,,,,,,,,,,,,,,,,
2025-06-04,2.472,2.503,2.472,2.499,125647243.0,313.99,1.25,0.97,0.024,0.0,560010,中证1000ETF指数,2025-09-06 17:14:18,,,,,,,,,,,,,,,,,,,,,,,,
2025-06-03,2.462,2.486,2.454,2.475,50170891.0,124.17,1.3,0.53,0.013,0.0,560010,中证1000ETF指数,2025-09-06 17:14:18,,,,,,,,,,,,,,,,,,,,,,,,
2025-05-30,2.488,2.488,2.456,2.462,87714301.0,215.95,1.29,-1.01,-0.025,0.0,560010,中证1000ETF指数,2025-09-06 17:14:18,,,,,,,,,,,,,,,,,,,,,,,,
2025-05-29,2.442,2.488,2.441,2.487,58856079.0,146.38,1.92,1.76,0.043,0.0,560010,中证1000ETF指数,2025-09-06 17:14:18,,,,,,,,,,,,,,,,,,,,,,,,
2025-05-28,2.452,2.458,2.434,2.444,114449373.0,279.71,0.98,-0.24,-0.006,0.0,560010,中证1000ETF指数,2025-09-06 17:14:18,,,,,,,,,,,,,,,,,,,,,,,,
2025-05-27,2.449,2.456,2.434,2.45,41613761.0,101.95,0.9,-0.2,-0.005,0.0,560010,中证1000ETF指数,2025-09-06 17:14:18,,,,,,,,,,,,,,,,,,,,,,,,
2025-05-26,2.443,2.462,2.436,2.455,60785552.0,149.23,1.07,0.61,0.015,0.0,560010,中证1000ETF指数,2025-09-06 17:14:18,,,,,,,,,,,,,,,,,,,,,,,,
2025-05-23,2.468,2.488,2.439,2.44,60893166.0,148.58,1.98,-1.33,-0.033,0.0,560010,中证1000ETF指数,2025-09-06 17:14:18,,,,,,,,,,,,,,,,,,,,,,,,
2025-05-22,2.49,2.508,2.47,2.473,51157399.0,126.51,1.52,-0.96,-0.024,0.0,560010,中证1000ETF指数,2025-09-06 17:14:18,,,,,,,,,,,,,,,,,,,,,,,,
2025-05-21,2.504,2.504,2.487,2.497,30928074.0,77.23,0.68,-0.24,-0.006,0.0,560010,中证1000ETF指数,2025-09-06 17:14:18,,,,,,,,,,,,,,,,,,,,,,,,
2025-05-20,2.482,2.507,2.472,2.503,42292251.0,105.86,1.41,0.85,0.021,0.0,560010,中证1000ETF指数,2025-09-06 17:14:18,,,,,,,,,,,,,,,,,,,,,,,,
2025-05-19,2.465,2.485,2.445,2.482,54528750.0,135.34,1.62,0.49,0.012,0.0,560010,中证1000ETF指数,2025-09-06 17:14:18,,,,,,,,,,,,,,,,,,,,,,,,
2025-05-16,2.455,2.483,2.455,2.47,178247991.0,440.27,1.13,0.0,0.0,0.0,560010,中证1000ETF指数,2025-09-06 17:14:18,,,,,,,,,,,,,,,,,,,,,,,,
2025-05-15,2.506,2.506,2.465,2.47,117104345.0,289.25,1.63,-1.52,-0.038,0.0,560010,中证1000ETF指数,2025-09-06 17:14:18,,,,,,,,,,,,,,,,,,,,,,,,
2025-05-14,2.504,2.527,2.49,2.508,149474586.0,374.88,1.48,0.24,0.006,0.0,560010,中证1000ETF指数,2025-09-06 17:14:18,,,,,,,,,,,,,,,,,,,,,,,,
2025-05-13,2.525,2.53,2.498,2.502,83601997.0,209.17,1.27,-0.44,-0.011,0.0,560010,中证1000ETF指数,2025-09-06 17:14:18,,,,,,,,,,,,,,,,,,,,,,,,
2025-05-12,2.498,2.513,2.486,2.513,130110453.0,326.97,1.09,1.49,0.037,0.0,560010,中证1000ETF指数,2025-09-06 17:14:18,,,,,,,,,,,,,,,,,,,,,,,,
2025-05-09,2.504,2.504,2.466,2.476,255574713.0,632.8,1.52,-1.24,-0.031,0.0,560010,中证1000ETF指数,2025-09-06 17:14:18,,,,,,,,,,,,,,,,,,,,,,,,
2025-05-08,2.483,2.512,2.478,2.507,76565841.0,191.95,1.37,0.84,0.021,0.0,560010,中证1000ETF指数,2025-09-06 17:14:18,,,,,,,,,,,,,,,,,,,,,,,,
2025-05-07,2.509,2.532,2.467,2.486,117771375.0,292.78,2.62,0.16,0.004,0.0,560010,中证1000ETF指数,2025-09-06 17:14:18,,,,,,,,,,,,,,,,,,,,,,,,
2025-05-06,2.431,2.483,2.431,2.482,96833162.0,240.34,2.15,2.48,0.06,0.0,560010,中证1000ETF指数,2025-09-06 17:14:18,,,,,,,,,,,,,,,,,,,,,,,,
2025-04-30,2.403,2.43,2.403,2.422,113435871.0,274.74,1.12,0.79,0.019,0.0,560010,中证1000ETF指数,2025-09-06 17:14:18,,,,,,,,,,,,,,,,,,,,,,,,
2025-04-29,2.384,2.412,2.377,2.403,63146049.0,151.74,1.46,0.46,0.011,0.0,560010,中证1000ETF指数,2025-09-06 17:14:18,,,,,,,,,,,,,,,,,,,,,,,,
2025-04-28,2.41,2.417,2.386,2.392,99090398.0,237.02,1.28,-1.03,-0.025,0.0,560010,中证1000ETF指数,2025-09-06 17:14:18,,,,,,,,,,,,,,,,,,,,,,,,
2025-04-25,2.412,2.437,2.401,2.417,114507206.0,276.76,1.49,0.21,0.005,0.0,560010,中证1000ETF指数,2025-09-06 17:14:18,,,,,,,,,,,,,,,,,,,,,,,,
2025-04-24,2.435,2.435,2.398,2.412,80337637.0,193.77,1.52,-0.9,-0.022,0.0,560010,中证1000ETF指数,2025-09-06 17:14:18,,,,,,,,,,,,,,,,,,,,,,,,
2025-04-23,2.421,2.452,2.421,2.434,78106516.0,190.11,1.28,0.58,0.014,0.0,560010,中证1000ETF指数,2025-09-06 17:14:18,,,,,,,,,,,,,,,,,,,,,,,,
2025-04-22,2.417,2.43,2.407,2.42,98258571.0,237.79,0.95,0.0,0.0,0.0,560010,中证1000ETF指数,2025-09-06 17:14:18,,,,,,,,,,,,,,,,,,,,,,,,
2025-04-21,2.362,2.421,2.357,2.42,90418557.0,218.81,2.7,1.98,0.047,0.0,560010,中证1000ETF指数,2025-09-06 17:14:18,,,,,,,,,,,,,,,,,,,,,,,,
2025-04-18,2.379,2.385,2.356,2.373,111214466.0,263.91,1.22,-0.25,-0.006,0.0,560010,中证1000ETF指数,2025-09-06 17:14:18,,,,,,,,,,,,,,,,,,,,,,,,
2025-04-17,2.362,2.4,2.36,2.379,97521243.0,232.0,1.68,0.17,0.004,0.0,560010,中证1000ETF指数,2025-09-06 17:14:18,,,,,,,,,,,,,,,,,,,,,,,,
2025-04-16,2.392,2.398,2.347,2.375,222236935.0,527.81,2.12,-1.25,-0.03,0.0,560010,中证1000ETF指数,2025-09-06 17:14:18,,,,,,,,,,,,,,,,,,,,,,,,
2025-04-15,2.412,2.419,2.39,2.405,65270855.0,156.98,1.2,-0.21,-0.005,0.0,560010,中证1000ETF指数,2025-09-06 17:14:18,,,,,,,,,,,,,,,,,,,,,,,,
2025-04-14,2.41,2.433,2.404,2.41,87098597.0,209.91,1.22,1.13,0.027,0.0,560010,中证1000ETF指数,2025-09-06 17:14:18,,,,,,,,,,,,,,,,,,,,,,,,
2025-04-11,2.34,2.413,2.337,2.383,105491358.0,251.39,3.23,1.32,0.031,0.0,560010,中证1000ETF指数,2025-09-06 17:14:18,,,,,,,,,,,,,,,,,,,,,,,,
2025-04-10,2.324,2.395,2.324,2.352,155745584.0,366.31,3.1,2.66,0.061,0.0,560010,中证1000ETF指数,2025-09-06 17:14:18,,,,,,,,,,,,,,,,,,,,,,,,
2025-04-09,2.221,2.314,2.12,2.291,192493941.0,441.0,8.62,1.82,0.041,0.0,560010,中证1000ETF指数,2025-09-06 17:14:18,,,,,,,,,,,,,,,,,,,,,,,,
2025-04-08,2.22,2.3,2.206,2.25,2532389077.0,5697.88,4.14,-0.97,-0.022,0.0,560010,中证1000ETF指数,2025-09-06 17:14:18,,,,,,,,,,,,,,,,,,,,,,,,
2025-04-07,2.394,2.445,2.272,2.272,148120779.0,336.53,6.85,-9.98,-0.252,0.0,560010,中证1000ETF指数,2025-09-06 17:14:18,,,,,,,,,,,,,,,,,,,,,,,,
2025-04-03,2.529,2.564,2.511,2.524,108535541.0,273.94,2.08,-1.14,-0.029,0.0,560010,中证1000ETF指数,2025-09-06 17:14:18,,,,,,,,,,,,,,,,,,,,,,,,
2025-04-02,2.544,2.571,2.54,2.553,74495763.0,190.19,1.22,0.35,0.009,0.0,560010,中证1000ETF指数,2025-09-06 17:14:18,,,,,,,,,,,,,,,,,,,,,,,,
2025-04-01,2.534,2.563,2.534,2.544,79658886.0,202.65,1.14,0.36,0.009,0.0,560010,中证1000ETF指数,2025-09-06 17:14:18,,,,,,,,,,,,,,,,,,,,,,,,
2025-03-31,2.54,2.549,2.502,2.535,108800904.0,275.81,1.84,-0.59,-0.015,0.0,560010,中证1000ETF指数,2025-09-06 17:14:18,,,,,,,,,,,,,,,,,,,,,,,,
2025-03-28,2.575,2.586,2.546,2.55,45766153.0,116.7,1.55,-1.01,-0.026,0.0,560010,中证1000ETF指数,2025-09-06 17:14:18,,,,,,,,,,,,,,,,,,,,,,,,
2025-03-27,2.57,2.602,2.542,2.576,62101479.0,159.97,2.33,0.16,0.004,0.0,560010,中证1000ETF指数,2025-09-06 17:14:18,,,,,,,,,,,,,,,,,,,,,,,,
2025-03-26,2.562,2.593,2.561,2.572,139293113.0,358.26,1.25,0.08,0.002,0.0,560010,中证1000ETF指数,2025-09-06 17:14:18,,,,,,,,,,,,,,,,,,,,,,,,
2025-03-25,2.58,2.594,2.557,2.57,113592015.0,291.93,1.43,-0.66,-0.017,0.0,560010,中证1000ETF指数,2025-09-06 17:14:18,,,,,,,,,,,,,,,,,,,,,,,,
2025-03-24,2.598,2.606,2.541,2.587,165965805.0,429.35,2.49,-0.81,-0.021,0.0,560010,中证1000ETF指数,2025-09-06 17:14:18,,,,,,,,,,,,,,,,,,,,,,,,
2025-03-21,2.653,2.654,2.596,2.608,184320520.0,480.71,2.18,-1.92,-0.051,0.0,560010,中证1000ETF指数,2025-09-06 17:14:18,,,,,,,,,,,,,,,,,,,,,,,,
2025-03-20,2.67,2.683,2.652,2.659,99928242.0,265.71,1.16,-0.45,-0.012,0.0,560010,中证1000ETF指数,2025-09-06 17:14:18,,,,,,,,,,,,,,,,,,,,,,,,
2025-03-19,2.68,2.687,2.657,2.671,93764993.0,250.45,1.12,-0.56,-0.015,0.0,560010,中证1000ETF指数,2025-09-06 17:14:18,,,,,,,,,,,,,,,,,,,,,,,,
2025-03-18,2.684,2.704,2.677,2.686,77572342.0,208.36,1.01,0.34,0.009,0.0,560010,中证1000ETF指数,2025-09-06 17:14:18,,,,,,,,,,,,,,,,,,,,,,,,
2025-03-17,2.681,2.687,2.665,2.677,152515577.0,408.28,0.82,0.0,0.0,0.0,560010,中证1000ETF指数,2025-09-06 17:14:18,,,,,,,,,,,,,,,,,,,,,,,,
2025-03-14,2.63,2.678,2.613,2.677,183440253.0,491.07,2.47,1.71,0.045,0.0,560010,中证1000ETF指数,2025-09-06 17:14:18,,,,,,,,,,,,,,,,,,,,,,,,
2025-03-13,2.667,2.673,2.604,2.632,57810023.0,152.16,2.58,-1.53,-0.041,0.0,560010,中证1000ETF指数,2025-09-06 17:14:18,,,,,,,,,,,,,,,,,,,,,,,,
2025-03-12,2.671,2.7,2.667,2.673,61690603.0,164.9,1.24,0.3,0.008,0.0,560010,中证1000ETF指数,2025-09-06 17:14:18,,,,,,,,,,,,,,,,,,,,,,,,
2025-03-11,2.627,2.665,2.618,2.665,34908033.0,93.03,1.77,0.57,0.015,0.0,560010,中证1000ETF指数,2025-09-06 17:14:18,,,,,,,,,,,,,,,,,,,,,,,,
2025-03-10,2.646,2.66,2.627,2.65,98428377.0,260.84,1.25,0.0,0.0,0.0,560010,中证1000ETF指数,2025-09-06 17:14:18,,,,,,,,,,,,,,,,,,,,,,,,
2025-03-07,2.653,2.675,2.631,2.65,56400420.0,149.46,1.66,-0.3,-0.008,0.0,560010,中证1000ETF指数,2025-09-06 17:14:18,,,,,,,,,,,,,,,,,,,,,,,,
2025-03-06,2.606,2.668,2.606,2.658,48420710.0,128.7,2.39,2.31,0.06,0.0,560010,中证1000ETF指数,2025-09-06 17:14:18,,,,,,,,,,,,,,,,,,,,,,,,
2025-03-05,2.585,2.605,2.567,2.598,150697980.0,391.51,1.47,0.46,0.012,0.0,560010,中证1000ETF指数,2025-09-06 17:14:18,,,,,,,,,,,,,,,,,,,,,,,,
2025-03-04,2.525,2.587,2.525,2.586,84866881.0,219.47,2.43,1.33,0.034,0.0,560010,中证1000ETF指数,2025-09-06 17:14:18,,,,,,,,,,,,,,,,,,,,,,,,
2025-03-03,2.551,2.595,2.537,2.552,130409285.0,332.8,2.27,-0.27,-0.007,0.0,560010,中证1000ETF指数,2025-09-06 17:14:18,,,,,,,,,,,,,,,,,,,,,,,,
2025-02-28,2.63,2.63,2.546,2.559,201490833.0,515.62,3.18,-3.07,-0.081,0.0,560010,中证1000ETF指数,2025-09-06 17:14:18,,,,,,,,,,,,,,,,,,,,,,,,
2025-02-27,2.65,2.664,2.604,2.64,71714052.0,189.33,2.26,-0.49,-0.013,0.0,560010,中证1000ETF指数,2025-09-06 17:14:18,,,,,,,,,,,,,,,,,,,,,,,,
2025-02-26,2.619,2.659,2.609,2.653,96401164.0,255.75,1.91,1.38,0.036,0.0,560010,中证1000ETF指数,2025-09-06 17:14:18,,,,,,,,,,,,,,,,,,,,,,,,
2025-02-25,2.594,2.644,2.586,2.617,72569657.0,189.91,2.21,-0.27,-0.007,0.0,560010,中证1000ETF指数,2025-09-06 17:14:18,,,,,,,,,,,,,,,,,,,,,,,,
2025-02-24,2.629,2.644,2.607,2.624,153477115.0,402.72,1.41,-0.19,-0.005,0.0,560010,中证1000ETF指数,2025-09-06 17:14:18,,,,,,,,,,,,,,,,,,,,,,,,
2025-02-21,2.578,2.635,2.568,2.629,59242838.0,155.75,2.6,2.1,0.054,0.0,560010,中证1000ETF指数,2025-09-06 17:14:18,,,,,,,,,,,,,,,,,,,,,,,,
2025-02-20,2.558,2.585,2.55,2.575,121895102.0,313.88,1.37,0.63,0.016,0.0,560010,中证1000ETF指数,2025-09-06 17:14:18,,,,,,,,,,,,,,,,,,,,,,,,
2025-02-19,2.503,2.561,2.497,2.559,180466304.0,461.81,2.56,2.32,0.058,0.0,560010,中证1000ETF指数,2025-09-06 17:14:18,,,,,,,,,,,,,,,,,,,,,,,,
2025-02-18,2.55,2.558,2.486,2.501,172783639.0,432.13,2.82,-2.04,-0.052,0.0,560010,中证1000ETF指数,2025-09-06 17:14:18,,,,,,,,,,,,,,,,,,,,,,,,
2025-02-17,2.552,2.567,2.537,2.553,341628005.0,872.18,1.18,0.43,0.011,0.0,560010,中证1000ETF指数,2025-09-06 17:14:18,,,,,,,,,,,,,,,,,,,,,,,,
2025-02-14,2.524,2.548,2.514,2.542,219531326.0,558.05,1.34,0.36,0.009,0.0,560010,中证1000ETF指数,2025-09-06 17:14:18,,,,,,,,,,,,,,,,,,,,,,,,
2025-02-13,2.559,2.559,2.528,2.533,95334362.0,241.48,1.21,-0.9,-0.023,0.0,560010,中证1000ETF指数,2025-09-06 17:14:18,,,,,,,,,,,,,,,,,,,,,,,,
2025-02-12,2.514,2.557,2.513,2.556,72303967.0,184.81,1.75,1.47,0.037,0.0,560010,中证1000ETF指数,2025-09-06 17:14:18,,,,,,,,,,,,,,,,,,,,,,,,
2025-02-11,2.524,2.531,2.494,2.519,107207763.0,270.06,1.47,-0.2,-0.005,0.0,560010,中证1000ETF指数,2025-09-06 17:14:18,,,,,,,,,,,,,,,,,,,,,,,,
2025-02-10,2.496,2.532,2.492,2.524,101381458.0,255.89,1.6,1.2,0.03,0.0,560010,中证1000ETF指数,2025-09-06 17:14:18,,,,,,,,,,,,,,,,,,,,,,,,
2025-02-07,2.461,2.525,2.457,2.494,342668616.0,854.62,2.77,1.46,0.036,0.0,560010,中证1000ETF指数,2025-09-06 17:14:18,,,,,,,,,,,,,,,,,,,,,,,,
2025-02-06,2.393,2.462,2.379,2.458,73124013.0,179.74,3.47,2.72,0.065,0.0,560010,中证1000ETF指数,2025-09-06 17:14:18,,,,,,,,,,,,,,,,,,,,,,,,
2025-02-05,2.39,2.415,2.379,2.393,85052496.0,203.53,1.51,0.67,0.016,0.0,560010,中证1000ETF指数,2025-09-06 17:14:18,,,,,,,,,,,,,,,,,,,,,,,,
2025-01-27,2.422,2.428,2.376,2.377,102278166.0,243.12,2.15,-1.78,-0.043,0.0,560010,中证1000ETF指数,2025-09-06 17:14:18,,,,,,,,,,,,,,,,,,,,,,,,
2025-01-24,2.363,2.421,2.363,2.42,135425914.0,327.73,2.45,2.02,0.048,0.0,560010,中证1000ETF指数,2025-09-06 17:14:18,,,,,,,,,,,,,,,,,,,,,,,,
2025-01-23,2.398,2.44,2.372,2.372,165679407.0,392.99,2.85,-0.55,-0.013,0.0,560010,中证1000ETF指数,2025-09-06 17:14:18,,,,,,,,,,,,,,,,,,,,,,,,
2025-01-22,2.398,2.398,2.369,2.385,143450173.0,342.13,1.2,-0.91,-0.022,0.0,560010,中证1000ETF指数,2025-09-06 17:14:18,,,,,,,,,,,,,,,,,,,,,,,,
2025-01-21,2.397,2.413,2.37,2.407,99043661.0,238.4,1.8,0.71,0.017,0.0,560010,中证1000ETF指数,2025-09-06 17:14:18,,,,,,,,,,,,,,,,,,,,,,,,
2025-01-20,2.385,2.414,2.382,2.39,205972477.0,492.27,1.35,0.55,0.013,0.0,560010,中证1000ETF指数,2025-09-06 17:14:18,,,,,,,,,,,,,,,,,,,,,,,,
2025-01-17,2.353,2.396,2.341,2.377,118576044.0,281.86,2.33,0.72,0.017,0.0,560010,中证1000ETF指数,2025-09-06 17:14:18,,,,,,,,,,,,,,,,,,,,,,,,
2025-01-16,2.358,2.404,2.341,2.36,116857603.0,275.78,2.68,0.47,0.011,0.0,560010,中证1000ETF指数,2025-09-06 17:14:18,,,,,,,,,,,,,,,,,,,,,,,,
2025-01-15,2.364,2.364,2.339,2.349,78298643.0,183.92,1.06,-0.63,-0.015,0.0,560010,中证1000ETF指数,2025-09-06 17:14:18,,,,,,,,,,,,,,,,,,,,,,,,
2025-01-14,2.272,2.368,2.262,2.364,179695441.0,424.8,4.69,4.56,0.103,0.0,560010,中证1000ETF指数,2025-09-06 17:14:18,,,,,,,,,,,,,,,,,,,,,,,,
2025-01-13,2.236,2.279,2.223,2.261,88372513.0,199.81,2.48,-0.04,-0.001,0.0,560010,中证1000ETF指数,2025-09-06 17:14:18,,,,,,,,,,,,,,,,,,,,,,,,
2025-01-10,2.304,2.328,2.257,2.262,87293850.0,197.46,3.07,-2.2,-0.051,0.0,560010,中证1000ETF指数,2025-09-06 17:14:18,,,,,,,,,,,,,,,,,,,,,,,,
2025-01-09,2.281,2.323,2.281,2.313,118126748.0,273.23,1.82,0.48,0.011,0.0,560010,中证1000ETF指数,2025-09-06 17:14:18,,,,,,,,,,,,,,,,,,,,,,,,
2025-01-08,2.303,2.321,2.237,2.302,207800980.0,478.36,3.63,-0.52,-0.012,0.0,560010,中证1000ETF指数,2025-09-06 17:14:18,,,,,,,,,,,,,,,,,,,,,,,,
2025-01-07,2.279,2.314,2.269,2.314,107098362.0,247.83,1.97,1.49,0.034,0.0,560010,中证1000ETF指数,2025-09-06 17:14:18,,,,,,,,,,,,,,,,,,,,,,,,
2025-01-06,2.293,2.313,2.264,2.28,202221583.0,461.07,2.14,-0.57,-0.013,0.0,560010,中证1000ETF指数,2025-09-06 17:14:18,,,,,,,,,,,,,,,,,,,,,,,,
2025-01-03,2.36,2.365,2.284,2.293,153817549.0,352.7,3.43,-2.8,-0.066,0.0,560010,中证1000ETF指数,2025-09-06 17:14:18,,,,,,,,,,,,,,,,,,,,,,,,
2025-01-02,2.421,2.432,2.333,2.359,152677340.0,360.17,4.09,-2.64,-0.064,0.0,560010,中证1000ETF指数,2025-09-06 17:14:18,,,,,,,,,,,,,,,,,,,,,,,,
2024-12-31,2.502,2.516,2.421,2.423,85980570.0,208.33,3.8,-3.16,-0.079,0.0,560010,中证1000ETF指数,2025-09-06 17:14:18,,,,,,,,,,,,,,,,,,,,,,,,
2024-12-30,2.503,2.52,2.482,2.502,90561623.0,226.59,1.51,-0.4,-0.01,0.0,560010,中证1000ETF指数,2025-09-06 17:14:18,,,,,,,,,,,,,,,,,,,,,,,,
2024-12-27,2.5,2.545,2.493,2.512,110071512.0,276.5,2.08,0.32,0.008,0.0,560010,中证1000ETF指数,2025-09-06 17:14:18,,,,,,,,,,,,,,,,,,,,,,,,
2024-12-26,2.483,2.514,2.477,2.504,135404027.0,339.05,1.49,0.81,0.02,0.0,560010,中证1000ETF指数,2025-09-06 17:14:18,,,,,,,,,,,,,,,,,,,,,,,,
2024-12-25,2.5,2.501,2.456,2.484,155970335.0,387.43,1.8,-0.84,-0.021,0.0,560010,中证1000ETF指数,2025-09-06 17:14:18,,,,,,,,,,,,,,,,,,,,,,,,
2024-12-24,2.483,2.506,2.47,2.505,88152868.0,220.82,1.45,0.85,0.021,0.0,560010,中证1000ETF指数,2025-09-06 17:14:18,,,,,,,,,,,,,,,,,,,,,,,,
2024-12-23,2.541,2.549,2.478,2.484,131527724.0,326.71,2.79,-2.55,-0.065,0.0,560010,中证1000ETF指数,2025-09-06 17:14:18,,,,,,,,,,,,,,,,,,,,,,,,
2024-12-20,2.521,2.568,2.518,2.549,83216699.0,212.12,1.98,0.87,0.022,0.0,560010,中证1000ETF指数,2025-09-06 17:14:18,,,,,,,,,,,,,,,,,,,,,,,,
2024-12-19,2.502,2.533,2.482,2.527,83018225.0,209.79,2.03,0.36,0.009,0.0,560010,中证1000ETF指数,2025-09-06 17:14:18,,,,,,,,,,,,,,,,,,,,,,,,
2024-12-18,2.507,2.538,2.491,2.518,48456596.0,122.01,1.88,0.64,0.016,0.0,560010,中证1000ETF指数,2025-09-06 17:14:18,,,,,,,,,,,,,,,,,,,,,,,,
2024-12-17,2.548,2.549,2.496,2.502,109564863.0,274.13,2.08,-2.04,-0.052,0.0,560010,中证1000ETF指数,2025-09-06 17:14:18,,,,,,,,,,,,,,,,,,,,,,,,
2024-12-16,2.591,2.591,2.546,2.554,70510798.0,180.08,1.74,-1.43,-0.037,0.0,560010,中证1000ETF指数,2025-09-06 17:14:18,,,,,,,,,,,,,,,,,,,,,,,,
2024-12-13,2.63,2.63,2.585,2.591,138204304.0,358.09,1.71,-1.82,-0.048,0.0,560010,中证1000ETF指数,2025-09-06 17:14:18,,,,,,,,,,,,,,,,,,,,,,,,
2024-12-12,2.619,2.642,2.597,2.639,185577902.0,489.74,1.72,0.8,0.021,0.0,560010,中证1000ETF指数,2025-09-06 17:14:18,,,,,,,,,,,,,,,,,,,,,,,,
2024-12-11,2.583,2.623,2.583,2.618,108265124.0,283.44,1.55,1.16,0.03,0.0,560010,中证1000ETF指数,2025-09-06 17:14:18,,,,,,,,,,,,,,,,,,,,,,,,
2024-12-10,2.66,2.66,2.582,2.588,166934612.0,432.03,3.05,1.13,0.029,0.0,560010,中证1000ETF指数,2025-09-06 17:14:18,,,,,,,,,,,,,,,,,,,,,,,,
2024-12-09,2.579,2.59,2.541,2.559,75519406.0,193.25,1.9,-0.93,-0.024,0.0,560010,中证1000ETF指数,2025-09-06 17:14:18,,,,,,,,,,,,,,,,,,,,,,,,
2024-12-06,2.552,2.598,2.529,2.583,113575567.0,293.37,2.7,1.14,0.029,0.0,560010,中证1000ETF指数,2025-09-06 17:14:18,,,,,,,,,,,,,,,,,,,,,,,,
2024-12-05,2.51,2.564,2.51,2.554,67502248.0,172.4,2.14,1.11,0.028,0.0,560010,中证1000ETF指数,2025-09-06 17:14:18,,,,,,,,,,,,,,,,,,,,,,,,
2024-12-04,2.559,2.561,2.51,2.526,79646600.0,201.19,1.99,-1.52,-0.039,0.0,560010,中证1000ETF指数,2025-09-06 17:14:18,,,,,,,,,,,,,,,,,,,,,,,,
2024-12-03,2.565,2.581,2.534,2.565,110629552.0,283.76,1.83,0.12,0.003,0.0,560010,中证1000ETF指数,2025-09-06 17:14:18,,,,,,,,,,,,,,,,,,,,,,,,
2024-12-02,2.52,2.574,2.51,2.562,77875774.0,199.52,2.54,1.79,0.045,0.0,560010,中证1000ETF指数,2025-09-06 17:14:18,,,,,,,,,,,,,,,,,,,,,,,,
2024-11-29,2.468,2.539,2.454,2.517,97714058.0,245.95,3.43,1.66,0.041,0.0,560010,中证1000ETF指数,2025-09-06 17:14:18,,,,,,,,,,,,,,,,,,,,,,,,
2024-11-28,2.483,2.507,2.468,2.476,87563944.0,216.81,1.57,-0.52,-0.013,0.0,560010,中证1000ETF指数,2025-09-06 17:14:18,,,,,,,,,,,,,,,,,,,,,,,,
2024-11-27,2.42,2.492,2.382,2.489,86845299.0,216.16,4.52,2.3,0.056,0.0,560010,中证1000ETF指数,2025-09-06 17:14:18,,,,,,,,,,,,,,,,,,,,,,,,
2024-11-26,2.45,2.477,2.43,2.433,50473137.0,122.8,1.91,-1.02,-0.025,0.0,560010,中证1000ETF指数,2025-09-06 17:14:18,,,,,,,,,,,,,,,,,,,,,,,,
2024-11-25,2.454,2.467,2.416,2.458,58828071.0,144.6,2.08,0.33,0.008,0.0,560010,中证1000ETF指数,2025-09-06 17:14:18,,,,,,,,,,,,,,,,,,,,,,,,
2024-11-22,2.532,2.549,2.449,2.45,113553620.0,278.21,3.93,-3.66,-0.093,0.0,560010,中证1000ETF指数,2025-09-06 17:14:18,,,,,,,,,,,,,,,,,,,,,,,,
2024-11-21,2.539,2.556,2.516,2.543,100497148.0,255.56,1.58,0.16,0.004,0.0,560010,中证1000ETF指数,2025-09-06 17:14:18,,,,,,,,,,,,,,,,,,,,,,,,
2024-11-20,2.48,2.546,2.479,2.539,200263248.0,508.47,2.69,1.97,0.049,0.0,560010,中证1000ETF指数,2025-09-06 17:14:18,,,,,,,,,,,,,,,,,,,,,,,,
2024-11-19,2.432,2.491,2.416,2.49,232518502.0,578.97,3.08,2.38,0.058,0.0,560010,中证1000ETF指数,2025-09-06 17:14:18,,,,,,,,,,,,,,,,,,,,,,,,
2024-11-18,2.492,2.505,2.414,2.432,286691776.0,697.23,3.65,-2.33,-0.058,0.0,560010,中证1000ETF指数,2025-09-06 17:14:18,,,,,,,,,,,,,,,,,,,,,,,,
2024-11-15,2.544,2.572,2.488,2.49,166298239.0,414.08,3.29,-2.62,-0.067,0.0,560010,中证1000ETF指数,2025-09-06 17:14:18,,,,,,,,,,,,,,,,,,,,,,,,
2024-11-14,2.621,2.626,2.548,2.557,353902061.0,904.93,2.97,-2.7,-0.071,0.0,560010,中证1000ETF指数,2025-09-06 17:14:18,,,,,,,,,,,,,,,,,,,,,,,,
2024-11-13,2.616,2.645,2.585,2.628,214109981.0,562.68,2.28,-0.27,-0.007,0.0,560010,中证1000ETF指数,2025-09-06 17:14:18,,,,,,,,,,,,,,,,,,,,,,,,
2024-11-12,2.66,2.691,2.612,2.635,211214302.0,556.55,2.96,-1.24,-0.033,0.0,560010,中证1000ETF指数,2025-09-06 17:14:18,,,,,,,,,,,,,,,,,,,,,,,,
2024-11-11,2.598,2.672,2.597,2.668,131344896.0,350.43,2.87,2.07,0.054,0.0,560010,中证1000ETF指数,2025-09-06 17:14:18,,,,,,,,,,,,,,,,,,,,,,,,
2024-11-08,2.61,2.654,2.604,2.614,232045370.0,606.57,1.92,0.38,0.01,0.0,560010,中证1000ETF指数,2025-09-06 17:14:18,,,,,,,,,,,,,,,,,,,,,,,,
2024-11-07,2.541,2.609,2.533,2.604,400290471.0,1042.36,2.97,1.68,0.043,0.0,560010,中证1000ETF指数,2025-09-06 17:14:18,,,,,,,,,,,,,,,,,,,,,,,,
2024-11-06,2.553,2.59,2.538,2.561,141674064.0,362.83,2.04,0.47,0.012,0.0,560010,中证1000ETF指数,2025-09-06 17:14:18,,,,,,,,,,,,,,,,,,,,,,,,
2024-11-05,2.456,2.562,2.456,2.549,219507214.0,559.52,4.3,3.41,0.084,0.0,560010,中证1000ETF指数,2025-09-06 17:14:18,,,,,,,,,,,,,,,,,,,,,,,,
2024-11-04,2.4,2.467,2.4,2.465,369895365.0,911.79,2.78,2.11,0.051,0.0,560010,中证1000ETF指数,2025-09-06 17:14:18,,,,,,,,,,,,,,,,,,,,,,,,
2024-11-01,2.483,2.486,2.407,2.414,175048651.0,422.57,3.18,-2.97,-0.074,0.0,560010,中证1000ETF指数,2025-09-06 17:14:18,,,,,,,,,,,,,,,,,,,,,,,,
2024-10-31,2.447,2.51,2.437,2.488,144962569.0,360.67,2.98,1.72,0.042,0.0,560010,中证1000ETF指数,2025-09-06 17:14:18,,,,,,,,,,,,,,,,,,,,,,,,
2024-10-30,2.429,2.457,2.415,2.446,462313906.0,1130.82,1.73,0.53,0.013,0.0,560010,中证1000ETF指数,2025-09-06 17:14:18,,,,,,,,,,,,,,,,,,,,,,,,
2024-10-29,2.478,2.486,2.431,2.433,375401454.0,913.35,2.22,-1.7,-0.042,0.0,560010,中证1000ETF指数,2025-09-06 17:14:18,,,,,,,,,,,,,,,,,,,,,,,,
2024-10-28,2.436,2.475,2.422,2.475,195477794.0,483.81,2.18,1.73,0.042,0.0,560010,中证1000ETF指数,2025-09-06 17:14:18,,,,,,,,,,,,,,,,,,,,,,,,
2024-10-25,2.381,2.45,2.381,2.433,288833905.0,702.73,2.9,2.1,0.05,0.0,560010,中证1000ETF指数,2025-09-06 17:14:18,,,,,,,,,,,,,,,,,,,,,,,,
2024-10-24,2.387,2.396,2.362,2.383,138851027.0,330.88,1.42,-0.71,-0.017,0.0,560010,中证1000ETF指数,2025-09-06 17:14:18,,,,,,,,,,,,,,,,,,,,,,,,
2024-10-23,2.397,2.442,2.38,2.4,299130515.0,717.91,2.59,0.38,0.009,0.0,560010,中证1000ETF指数,2025-09-06 17:14:18,,,,,,,,,,,,,,,,,,,,,,,,
2024-10-22,2.37,2.417,2.362,2.391,222903830.0,532.96,2.31,0.46,0.011,0.0,560010,中证1000ETF指数,2025-09-06 17:14:18,,,,,,,,,,,,,,,,,,,,,,,,
2024-10-21,2.343,2.421,2.343,2.38,301919197.0,718.57,3.33,1.75,0.041,0.0,560010,中证1000ETF指数,2025-09-06 17:14:18,,,,,,,,,,,,,,,,,,,,,,,,
2024-10-18,2.234,2.413,2.231,2.339,544990754.0,1274.73,8.14,4.61,0.103,0.0,560010,中证1000ETF指数,2025-09-06 17:14:18,,,,,,,,,,,,,,,,,,,,,,,,
2024-10-17,2.255,2.287,2.235,2.236,248546410.0,555.75,2.32,-0.45,-0.01,0.0,560010,中证1000ETF指数,2025-09-06 17:14:18,,,,,,,,,,,,,,,,,,,,,,,,
2024-10-16,2.216,2.282,2.21,2.246,265234365.0,595.72,3.22,0.4,0.009,0.0,560010,中证1000ETF指数,2025-09-06 17:14:18,,,,,,,,,,,,,,,,,,,,,,,,
2024-10-15,2.271,2.317,2.235,2.237,236282911.0,528.56,3.59,-2.14,-0.049,0.0,560010,中证1000ETF指数,2025-09-06 17:14:18,,,,,,,,,,,,,,,,,,,,,,,,
2024-10-14,2.205,2.287,2.171,2.286,328157956.0,750.17,5.26,3.72,0.082,0.0,560010,中证1000ETF指数,2025-09-06 17:14:18,,,,,,,,,,,,,,,,,,,,,,,,
2024-10-11,2.291,2.293,2.173,2.204,347405098.0,765.68,5.23,-3.88,-0.089,0.0,560010,中证1000ETF指数,2025-09-06 17:14:18,,,,,,,,,,,,,,,,,,,,,,,,
2024-10-10,2.326,2.399,2.276,2.293,288217835.0,660.88,5.28,-1.55,-0.036,0.0,560010,中证1000ETF指数,2025-09-06 17:14:18,,,,,,,,,,,,,,,,,,,,,,,,
2024-10-09,2.4,2.489,2.312,2.329,343986584.0,801.14,6.98,-8.16,-0.207,0.0,560010,中证1000ETF指数,2025-09-06 17:14:18,,,,,,,,,,,,,,,,,,,,,,,,
2024-10-08,2.6,2.6,2.398,2.536,426138040.0,1080.69,8.54,7.28,0.172,0.0,560010,中证1000ETF指数,2025-09-06 17:14:18,,,,,,,,,,,,,,,,,,,,,,,,
2024-09-30,2.27,2.378,2.165,2.364,755912794.0,1786.98,9.85,9.29,0.201,0.0,560010,中证1000ETF指数,2025-09-06 17:14:18,,,,,,,,,,,,,,,,,,,,,,,,
2024-09-27,2.021,2.163,2.01,2.163,111464309.0,241.1,7.66,8.31,0.166,0.0,560010,中证1000ETF指数,2025-09-06 17:14:18,,,,,,,,,,,,,,,,,,,,,,,,
2024-09-26,1.897,1.998,1.897,1.997,364098388.0,727.1,5.3,4.77,0.091,0.0,560010,中证1000ETF指数,2025-09-06 17:14:18,,,,,,,,,,,,,,,,,,,,,,,,
2024-09-25,1.931,1.952,1.901,1.906,267965532.0,510.74,2.7,0.74,0.014,0.0,560010,中证1000ETF指数,2025-09-06 17:14:18,,,,,,,,,,,,,,,,,,,,,,,,
2024-09-24,1.83,1.894,1.814,1.892,395536648.0,748.36,4.41,4.19,0.076,0.0,560010,中证1000ETF指数,2025-09-06 17:14:18,,,,,,,,,,,,,,,,,,,,,,,,
2024-09-23,1.814,1.839,1.808,1.816,116667938.0,211.87,1.71,0.06,0.001,0.0,560010,中证1000ETF指数,2025-09-06 17:14:18,,,,,,,,,,,,,,,,,,,,,,,,
2024-09-20,1.819,1.825,1.799,1.815,745970202.0,1353.94,1.43,-0.49,-0.009,0.0,560010,中证1000ETF指数,2025-09-06 17:14:18,,,,,,,,,,,,,,,,,,,,,,,,
2024-09-19,1.809,1.844,1.783,1.824,220597355.0,402.37,3.4,1.79,0.032,0.0,560010,中证1000ETF指数,2025-09-06 17:14:18,,,,,,,,,,,,,,,,,,,,,,,,
2024-09-18,1.798,1.8,1.766,1.792,82909379.0,148.57,1.89,-0.22,-0.004,0.0,560010,中证1000ETF指数,2025-09-06 17:14:18,,,,,,,,,,,,,,,,,,,,,,,,
2024-09-13,1.821,1.823,1.796,1.796,94382944.0,169.51,1.49,-1.21,-0.022,0.0,560010,中证1000ETF指数,2025-09-06 17:14:18,,,,,,,,,,,,,,,,,,,,,,,,
2024-09-12,1.829,1.849,1.816,1.818,136818617.0,248.74,1.81,-0.55,-0.01,0.0,560010,中证1000ETF指数,2025-09-06 17:14:18,,,,,,,,,,,,,,,,,,,,,,,,
2024-09-11,1.818,1.832,1.812,1.828,374442100.0,684.48,1.1,0.22,0.004,0.0,560010,中证1000ETF指数,2025-09-06 17:14:18,,,,,,,,,,,,,,,,,,,,,,,,
2024-09-10,1.82,1.835,1.789,1.824,114736292.0,209.28,2.53,0.39,0.007,0.0,560010,中证1000ETF指数,2025-09-06 17:14:18,,,,,,,,,,,,,,,,,,,,,,,,
2024-09-09,1.827,1.841,1.812,1.817,76792568.0,139.53,1.58,-0.98,-0.018,0.0,560010,中证1000ETF指数,2025-09-06 17:14:18,,,,,,,,,,,,,,,,,,,,,,,,
2024-09-06,1.868,1.87,1.829,1.835,121294596.0,222.58,0.0,0.0,0.0,0.0,560010,中证1000ETF指数,2025-09-06 17:14:18,,,,,,,,,,,,,,,,,,,,,,,,
