日期,开盘,最高,最低,收盘,成交量,成交额,振幅,涨跌幅,涨跌额,换手率,ETF代码,ETF名称,爬取时间,折溢价率,IOPV,前收盘,量比,委比,外盘,内盘,主力净流入-净额,主力净流入-净占比,超大单净流入-净额,超大单净流入-净占比,大单净流入-净额,大单净流入-净占比,中单净流入-净额,中单净流入-净占比,小单净流入-净额,小单净流入-净占比,现手,买一,卖一,最新份额,流通市值,总市值,更新时间
2025-09-22,1.213,1.216,1.204,1.216,2765949061.0,33633940.58,0.99,0.25,0.003,,563360,A500ETF华泰柏瑞,2025-09-22 21:52:51,,,,,,,,,,,,,,,,,,,,,,,,
2025-09-19,1.212,1.22,1.207,1.211,3215388622.0,38938356.21,1.07,0.0,0.0,,563360,A500ETF华泰柏瑞,2025-09-19 18:14:22,,,,,,,,,,,,,,,,,,,,,,,,
2025-09-18,1.224,1.232,1.199,1.211,3055786099.0,37005569.66,2.69,-1.14,-0.014,,563360,A500ETF华泰柏瑞,2025-09-19 18:14:22,,,,,,,,,,,,,,,,,,,,,,,,
2025-09-17,1.214,1.226,1.209,1.225,2945213900.0,36078870.28,1.4,0.91,0.011,,563360,A500ETF华泰柏瑞,2025-09-19 18:14:22,,,,,,,,,,,,,,,,,,,,,,,,
2025-09-16,1.215,1.22,1.202,1.213,3160093265.0,38331931.3,1.48,-0.16,-0.002,,563360,A500ETF华泰柏瑞,2025-09-18 22:22:51,,,,,,,,,,,,,,,,,,,,,,,,
2025-09-12,1.214,1.22,1.209,1.211,305544.14,3712969177.0,0.9,-0.57,-0.007,16.45,563360,A500ETF华泰柏瑞,2025-09-12 22:21:36,-0.16,1.2091,1.218,0.97,51.16,15008490.0,15545923.0,-11832080.0,-0.32,-20647664.0,-0.56,8815584.0,0.24,10157209.0,0.27,1674867.0,0.05,300.0,1.21,1.211,18571987456.0,22490676809.0,22490676809.0,2025-09-12 16:11:56+08:00
2025-09-11,1.182,1.219,1.179,1.218,3538301686.0,43096514.54,0.0,0.0,0.0,0.0,563360,A500ETF华泰柏瑞,2025-09-11 22:22:15,0.0,,,,,,,,,,,,,,,,,,,,,,,
2025-09-10,1.179,1.192,1.176,1.185,3164615709.0,37500696.15,0.0,0.0,0.0,0.0,563360,A500ETF华泰柏瑞,2025-09-10 22:21:27,0.0,,,,,,,,,,,,,,,,,,,,,,,
2025-09-09,1.188,1.194,1.177,1.184,3207143114.0,37972574.47,0.0,0.0,0.0,0.0,563360,A500ETF华泰柏瑞,2025-09-09 18:57:38,,,,,,,,,,,,,,,,,,,,,,,,
2025-09-08,1.189,1.195,1.182,1.191,2983755793.0,35536531.49,0.0,0.0,0.0,0.0,563360,A500ETF华泰柏瑞,2025-09-08 18:27:51,,,,,,,,,,,,,,,,,,,,,,,,
2025-09-05,1.152,1.191,1.15,1.188,2932139064.0,3483.38,3.54,2.59,0.03,0.0,563360,A500ETF华泰柏瑞,2025-09-06 17:14:18,,,,,,,,,,,,,,,,,,,,,,,,
2025-09-04,1.183,1.187,1.145,1.158,2574757557.0,2981.57,3.55,-2.11,-0.025,0.0,563360,A500ETF华泰柏瑞,2025-09-06 17:14:18,,,,,,,,,,,,,,,,,,,,,,,,
2025-09-03,1.194,1.198,1.176,1.183,2857326542.0,3380.22,1.84,-0.84,-0.01,0.0,563360,A500ETF华泰柏瑞,2025-09-06 17:14:18,,,,,,,,,,,,,,,,,,,,,,,,
2025-09-02,1.204,1.211,1.183,1.193,3077701905.0,3671.7,2.32,-1.0,-0.012,0.0,563360,A500ETF华泰柏瑞,2025-09-06 17:14:18,,,,,,,,,,,,,,,,,,,,,,,,
2025-09-01,1.204,1.208,1.194,1.205,3083229932.0,3715.29,1.17,0.58,0.007,0.0,563360,A500ETF华泰柏瑞,2025-09-06 17:14:18,,,,,,,,,,,,,,,,,,,,,,,,
2025-08-29,1.187,1.203,1.184,1.198,3154549577.0,3779.15,1.6,0.93,0.011,0.0,563360,A500ETF华泰柏瑞,2025-09-06 17:14:18,,,,,,,,,,,,,,,,,,,,,,,,
2025-08-28,1.164,1.187,1.157,1.187,3834858300.0,4551.98,2.58,1.98,0.023,0.0,563360,A500ETF华泰柏瑞,2025-09-06 17:14:18,,,,,,,,,,,,,,,,,,,,,,,,
2025-08-27,1.179,1.195,1.16,1.164,3949796855.0,4597.56,2.97,-1.36,-0.016,0.0,563360,A500ETF华泰柏瑞,2025-09-06 17:14:18,,,,,,,,,,,,,,,,,,,,,,,,
2025-08-26,1.183,1.188,1.175,1.18,4034698611.0,4760.94,1.1,-0.34,-0.004,0.0,563360,A500ETF华泰柏瑞,2025-09-06 17:14:18,,,,,,,,,,,,,,,,,,,,,,,,
2025-08-25,1.169,1.185,1.164,1.184,3645311799.0,4316.05,1.81,2.16,0.025,0.0,563360,A500ETF华泰柏瑞,2025-09-06 17:14:18,,,,,,,,,,,,,,,,,,,,,,,,
2025-08-22,1.134,1.159,1.133,1.159,4419132082.0,5121.77,2.29,2.29,0.026,0.0,563360,A500ETF华泰柏瑞,2025-09-06 17:14:18,,,,,,,,,,,,,,,,,,,,,,,,
2025-08-21,1.133,1.139,1.128,1.133,4481803516.0,5077.88,0.97,0.18,0.002,0.0,563360,A500ETF华泰柏瑞,2025-09-06 17:14:18,,,,,,,,,,,,,,,,,,,,,,,,
2025-08-20,1.112,1.131,1.106,1.131,4111063721.0,4649.61,2.24,1.43,0.016,0.0,563360,A500ETF华泰柏瑞,2025-09-06 17:14:18,,,,,,,,,,,,,,,,,,,,,,,,
2025-08-19,1.122,1.127,1.114,1.115,4036872200.0,4501.11,1.16,-0.62,-0.007,0.0,563360,A500ETF华泰柏瑞,2025-09-06 17:14:18,,,,,,,,,,,,,,,,,,,,,,,,
2025-08-18,1.113,1.13,1.109,1.122,4351083303.0,4881.92,1.89,0.9,0.01,0.0,563360,A500ETF华泰柏瑞,2025-09-06 17:14:18,,,,,,,,,,,,,,,,,,,,,,,,
2025-08-15,1.097,1.113,1.095,1.112,4272215071.0,4750.7,1.64,1.28,0.014,0.0,563360,A500ETF华泰柏瑞,2025-09-06 17:14:18,,,,,,,,,,,,,,,,,,,,,,,,
2025-08-14,1.104,1.112,1.097,1.098,4046702367.0,4443.28,1.36,-0.45,-0.005,0.0,563360,A500ETF华泰柏瑞,2025-09-06 17:14:18,,,,,,,,,,,,,,,,,,,,,,,,
2025-08-13,1.093,1.105,1.093,1.103,3997079113.0,4408.78,1.1,1.01,0.011,0.0,563360,A500ETF华泰柏瑞,2025-09-06 17:14:18,,,,,,,,,,,,,,,,,,,,,,,,
2025-08-12,1.087,1.095,1.085,1.092,3897841500.0,4256.44,0.92,0.46,0.005,0.0,563360,A500ETF华泰柏瑞,2025-09-06 17:14:18,,,,,,,,,,,,,,,,,,,,,,,,
2025-08-11,1.08,1.091,1.08,1.087,3617773566.0,3932.52,1.02,0.65,0.007,0.0,563360,A500ETF华泰柏瑞,2025-09-06 17:14:18,,,,,,,,,,,,,,,,,,,,,,,,
2025-08-08,1.081,1.085,1.077,1.08,3412325860.0,3685.31,0.74,-0.18,-0.002,0.0,563360,A500ETF华泰柏瑞,2025-09-06 17:14:18,,,,,,,,,,,,,,,,,,,,,,,,
2025-08-07,1.082,1.086,1.075,1.082,3491874480.0,3778.21,1.02,-0.09,-0.001,0.0,563360,A500ETF华泰柏瑞,2025-09-06 17:14:18,,,,,,,,,,,,,,,,,,,,,,,,
2025-08-06,1.078,1.084,1.077,1.083,3465906604.0,3753.58,0.65,0.46,0.005,0.0,563360,A500ETF华泰柏瑞,2025-09-06 17:14:18,,,,,,,,,,,,,,,,,,,,,,,,
2025-08-05,1.072,1.079,1.071,1.078,3687689935.0,3975.33,0.75,0.65,0.007,0.0,563360,A500ETF华泰柏瑞,2025-09-06 17:14:18,,,,,,,,,,,,,,,,,,,,,,,,
2025-08-04,1.062,1.072,1.06,1.071,3567341853.0,3820.62,1.13,0.47,0.005,0.0,563360,A500ETF华泰柏瑞,2025-09-06 17:14:18,,,,,,,,,,,,,,,,,,,,,,,,
2025-08-01,1.067,1.073,1.061,1.066,3347190499.0,3568.11,1.12,-0.56,-0.006,0.0,563360,A500ETF华泰柏瑞,2025-09-06 17:14:18,,,,,,,,,,,,,,,,,,,,,,,,
2025-07-31,1.09,1.09,1.068,1.072,3534964675.0,3789.48,2.02,-1.65,-0.018,0.0,563360,A500ETF华泰柏瑞,2025-09-06 17:14:18,,,,,,,,,,,,,,,,,,,,,,,,
2025-07-30,1.093,1.1,1.083,1.09,3512892083.0,3829.05,1.55,-0.37,-0.004,0.0,563360,A500ETF华泰柏瑞,2025-09-06 17:14:18,,,,,,,,,,,,,,,,,,,,,,,,
2025-07-29,1.087,1.094,1.081,1.094,3202965737.0,3504.04,1.19,0.55,0.006,0.0,563360,A500ETF华泰柏瑞,2025-09-06 17:14:18,,,,,,,,,,,,,,,,,,,,,,,,
2025-07-28,1.083,1.089,1.078,1.088,2630784171.0,2862.29,1.02,0.55,0.006,0.0,563360,A500ETF华泰柏瑞,2025-09-06 17:14:18,,,,,,,,,,,,,,,,,,,,,,,,
2025-07-25,1.087,1.087,1.08,1.082,3080526793.0,3333.13,0.64,-0.46,-0.005,0.0,563360,A500ETF华泰柏瑞,2025-09-06 17:14:18,,,,,,,,,,,,,,,,,,,,,,,,
2025-07-24,1.08,1.087,1.076,1.087,3205270403.0,3484.13,1.02,0.74,0.008,0.0,563360,A500ETF华泰柏瑞,2025-09-06 17:14:18,,,,,,,,,,,,,,,,,,,,,,,,
2025-07-23,1.081,1.088,1.076,1.079,3125622392.0,3372.55,1.11,-0.09,-0.001,0.0,563360,A500ETF华泰柏瑞,2025-09-06 17:14:18,,,,,,,,,,,,,,,,,,,,,,,,
2025-07-22,1.069,1.081,1.065,1.08,2786074777.0,3008.96,1.5,1.03,0.011,0.0,563360,A500ETF华泰柏瑞,2025-09-06 17:14:18,,,,,,,,,,,,,,,,,,,,,,,,
2025-07-21,1.063,1.07,1.062,1.069,2241425811.0,2396.08,0.75,0.66,0.007,0.0,563360,A500ETF华泰柏瑞,2025-09-06 17:14:18,,,,,,,,,,,,,,,,,,,,,,,,
2025-07-18,1.055,1.063,1.055,1.062,2440017374.0,2591.3,0.76,0.66,0.007,0.0,563360,A500ETF华泰柏瑞,2025-09-06 17:14:18,,,,,,,,,,,,,,,,,,,,,,,,
2025-07-17,1.044,1.056,1.044,1.055,2254212936.0,2378.19,1.15,1.05,0.011,0.0,563360,A500ETF华泰柏瑞,2025-09-06 17:14:18,,,,,,,,,,,,,,,,,,,,,,,,
2025-07-16,1.046,1.051,1.041,1.044,2370725955.0,2475.04,0.96,-0.1,-0.001,0.0,563360,A500ETF华泰柏瑞,2025-09-06 17:14:18,,,,,,,,,,,,,,,,,,,,,,,,
2025-07-15,1.045,1.051,1.039,1.045,2848639637.0,2976.83,1.15,0.1,0.001,0.0,563360,A500ETF华泰柏瑞,2025-09-06 17:14:18,,,,,,,,,,,,,,,,,,,,,,,,
2025-07-14,1.044,1.048,1.044,1.044,3182299782.0,3322.32,0.38,0.0,0.0,0.0,563360,A500ETF华泰柏瑞,2025-09-06 17:14:18,,,,,,,,,,,,,,,,,,,,,,,,
2025-07-11,1.04,1.056,1.04,1.044,3414628446.0,3564.87,1.54,0.29,0.003,0.0,563360,A500ETF华泰柏瑞,2025-09-06 17:14:18,,,,,,,,,,,,,,,,,,,,,,,,
2025-07-10,1.035,1.046,1.035,1.041,2891533929.0,3010.09,1.06,0.58,0.006,0.0,563360,A500ETF华泰柏瑞,2025-09-06 17:14:18,,,,,,,,,,,,,,,,,,,,,,,,
2025-07-09,1.035,1.043,1.034,1.035,3225903649.0,3338.81,0.87,-0.29,-0.003,0.0,563360,A500ETF华泰柏瑞,2025-09-06 17:14:18,,,,,,,,,,,,,,,,,,,,,,,,
2025-07-08,1.026,1.039,1.026,1.038,3259240204.0,3383.09,1.27,1.17,0.012,0.0,563360,A500ETF华泰柏瑞,2025-09-06 17:14:18,,,,,,,,,,,,,,,,,,,,,,,,
2025-07-07,1.032,1.032,1.025,1.026,2045096273.0,2098.27,0.68,-0.68,-0.007,0.0,563360,A500ETF华泰柏瑞,2025-09-06 17:14:18,,,,,,,,,,,,,,,,,,,,,,,,
2025-07-04,1.03,1.041,1.027,1.033,3275465154.0,3383.56,1.36,0.19,0.002,0.0,563360,A500ETF华泰柏瑞,2025-09-06 17:14:18,,,,,,,,,,,,,,,,,,,,,,,,
2025-07-03,1.025,1.032,1.023,1.031,1850170114.0,1907.53,0.88,0.59,0.006,0.0,563360,A500ETF华泰柏瑞,2025-09-06 17:14:18,,,,,,,,,,,,,,,,,,,,,,,,
2025-07-02,1.025,1.027,1.021,1.025,3017972910.0,3093.42,0.59,0.0,0.0,0.0,563360,A500ETF华泰柏瑞,2025-09-06 17:14:18,,,,,,,,,,,,,,,,,,,,,,,,
2025-07-01,1.024,1.027,1.02,1.025,4145783085.0,4249.43,0.68,-0.19,-0.002,0.0,563360,A500ETF华泰柏瑞,2025-09-06 17:14:18,,,,,,,,,,,,,,,,,,,,,,,,
2025-06-30,1.02,1.027,1.019,1.027,3527941360.0,3623.2,0.79,0.88,0.009,0.0,563360,A500ETF华泰柏瑞,2025-09-06 17:14:18,,,,,,,,,,,,,,,,,,,,,,,,
2025-06-27,1.021,1.028,1.017,1.018,3589572342.0,3654.18,1.08,-0.29,-0.003,0.0,563360,A500ETF华泰柏瑞,2025-09-06 17:14:18,,,,,,,,,,,,,,,,,,,,,,,,
2025-06-26,1.025,1.027,1.02,1.021,3090751853.0,3155.66,0.68,-0.39,-0.004,0.0,563360,A500ETF华泰柏瑞,2025-09-06 17:14:18,,,,,,,,,,,,,,,,,,,,,,,,
2025-06-25,1.01,1.026,1.01,1.025,3427525630.0,3513.21,1.58,1.49,0.015,0.0,563360,A500ETF华泰柏瑞,2025-09-06 17:14:18,,,,,,,,,,,,,,,,,,,,,,,,
2025-06-24,0.999,1.011,0.998,1.01,1603182309.0,1619.21,1.3,1.3,0.013,0.0,563360,A500ETF华泰柏瑞,2025-09-06 17:14:18,,,,,,,,,,,,,,,,,,,,,,,,
2025-06-23,0.99,0.999,0.989,0.997,817429326.0,814.98,1.01,0.4,0.004,0.0,563360,A500ETF华泰柏瑞,2025-09-06 17:14:18,,,,,,,,,,,,,,,,,,,,,,,,
2025-06-20,0.995,0.997,0.991,0.993,327362771.0,325.07,0.6,-0.2,-0.002,0.0,563360,A500ETF华泰柏瑞,2025-09-06 17:14:18,,,,,,,,,,,,,,,,,,,,,,,,
2025-06-19,1.002,1.003,0.991,0.995,495107261.0,492.63,1.2,-0.6,-0.006,0.0,563360,A500ETF华泰柏瑞,2025-09-06 17:14:18,,,,,,,,,,,,,,,,,,,,,,,,
2025-06-18,1.002,1.004,0.996,1.001,349220855.0,349.57,0.8,-0.1,-0.001,0.0,563360,A500ETF华泰柏瑞,2025-09-06 17:14:18,,,,,,,,,,,,,,,,,,,,,,,,
2025-06-17,1.002,1.003,0.997,1.002,343156777.0,343.84,0.6,0.0,0.0,0.0,563360,A500ETF华泰柏瑞,2025-09-06 17:14:18,,,,,,,,,,,,,,,,,,,,,,,,
2025-06-16,0.999,1.003,0.998,1.002,304141033.0,304.75,0.5,0.2,0.002,0.0,563360,A500ETF华泰柏瑞,2025-09-06 17:14:18,,,,,,,,,,,,,,,,,,,,,,,,
2025-06-13,1.007,1.007,0.997,1.0,355687867.0,355.69,0.99,-0.7,-0.007,0.0,563360,A500ETF华泰柏瑞,2025-09-06 17:14:18,,,,,,,,,,,,,,,,,,,,,,,,
2025-06-12,1.005,1.008,1.0,1.007,337839493.0,340.2,0.8,0.2,0.002,0.0,563360,A500ETF华泰柏瑞,2025-09-06 17:14:18,,,,,,,,,,,,,,,,,,,,,,,,
2025-06-11,0.999,1.01,0.998,1.005,332805564.0,334.47,1.2,0.7,0.007,0.0,563360,A500ETF华泰柏瑞,2025-09-06 17:14:18,,,,,,,,,,,,,,,,,,,,,,,,
2025-06-10,1.005,1.006,0.994,0.998,422461916.0,421.62,1.19,-0.7,-0.007,0.0,563360,A500ETF华泰柏瑞,2025-09-06 17:14:18,,,,,,,,,,,,,,,,,,,,,,,,
2025-06-09,1.002,1.008,1.0,1.005,283132811.0,284.55,0.8,0.4,0.004,0.0,563360,A500ETF华泰柏瑞,2025-09-06 17:14:18,,,,,,,,,,,,,,,,,,,,,,,,
2025-06-06,1.002,1.004,0.998,1.001,277544711.0,277.82,0.6,0.0,0.0,0.0,563360,A500ETF华泰柏瑞,2025-09-06 17:14:18,,,,,,,,,,,,,,,,,,,,,,,,
2025-06-05,0.996,1.003,0.995,1.001,304933466.0,305.24,0.8,0.5,0.005,0.0,563360,A500ETF华泰柏瑞,2025-09-06 17:14:18,,,,,,,,,,,,,,,,,,,,,,,,
2025-06-04,0.993,0.999,0.992,0.996,336167704.0,334.82,0.71,0.4,0.004,0.0,563360,A500ETF华泰柏瑞,2025-09-06 17:14:18,,,,,,,,,,,,,,,,,,,,,,,,
2025-06-03,0.991,0.995,0.988,0.992,304430033.0,301.99,0.7,-0.1,-0.001,0.0,563360,A500ETF华泰柏瑞,2025-09-06 17:14:18,,,,,,,,,,,,,,,,,,,,,,,,
2025-05-30,0.997,0.998,0.987,0.993,375517716.0,372.89,1.1,-0.4,-0.004,0.0,563360,A500ETF华泰柏瑞,2025-09-06 17:14:18,,,,,,,,,,,,,,,,,,,,,,,,
2025-05-29,0.989,1.0,0.988,0.997,352235866.0,351.18,1.21,0.91,0.009,0.0,563360,A500ETF华泰柏瑞,2025-09-06 17:14:18,,,,,,,,,,,,,,,,,,,,,,,,
2025-05-28,0.992,0.993,0.988,0.988,330345254.0,326.38,0.5,-0.3,-0.003,0.0,563360,A500ETF华泰柏瑞,2025-09-06 17:14:18,,,,,,,,,,,,,,,,,,,,,,,,
2025-05-27,0.997,0.997,0.989,0.991,364769087.0,361.49,0.8,-0.6,-0.006,0.0,563360,A500ETF华泰柏瑞,2025-09-06 17:14:18,,,,,,,,,,,,,,,,,,,,,,,,
2025-05-26,1.0,1.002,0.993,0.997,359870515.0,358.79,0.9,-0.3,-0.003,0.0,563360,A500ETF华泰柏瑞,2025-09-06 17:14:18,,,,,,,,,,,,,,,,,,,,,,,,
2025-05-23,1.008,1.013,0.999,1.0,400219960.0,400.22,1.39,-0.7,-0.007,0.0,563360,A500ETF华泰柏瑞,2025-09-06 17:14:18,,,,,,,,,,,,,,,,,,,,,,,,
2025-05-22,1.008,1.01,1.006,1.007,426024932.0,429.01,0.4,-0.3,-0.003,0.0,563360,A500ETF华泰柏瑞,2025-09-06 17:14:18,,,,,,,,,,,,,,,,,,,,,,,,
2025-05-21,1.006,1.012,1.005,1.01,382172697.0,385.99,0.7,0.5,0.005,0.0,563360,A500ETF华泰柏瑞,2025-09-06 17:14:18,,,,,,,,,,,,,,,,,,,,,,,,
2025-05-20,1.002,1.009,0.999,1.005,468723372.0,471.07,1.0,0.3,0.003,0.0,563360,A500ETF华泰柏瑞,2025-09-06 17:14:18,,,,,,,,,,,,,,,,,,,,,,,,
2025-05-19,0.998,1.002,0.995,1.002,367959910.0,368.7,0.7,0.1,0.001,0.0,563360,A500ETF华泰柏瑞,2025-09-06 17:14:18,,,,,,,,,,,,,,,,,,,,,,,,
2025-05-16,1.004,1.006,0.999,1.001,377808320.0,378.19,0.7,-0.4,-0.004,0.0,563360,A500ETF华泰柏瑞,2025-09-06 17:14:18,,,,,,,,,,,,,,,,,,,,,,,,
2025-05-15,1.014,1.015,1.004,1.005,351858090.0,353.62,1.08,-0.89,-0.009,0.0,563360,A500ETF华泰柏瑞,2025-09-06 17:14:18,,,,,,,,,,,,,,,,,,,,,,,,
2025-05-14,1.005,1.02,1.004,1.014,473893309.0,480.53,1.59,0.9,0.009,0.0,563360,A500ETF华泰柏瑞,2025-09-06 17:14:18,,,,,,,,,,,,,,,,,,,,,,,,
2025-05-13,1.01,1.012,1.004,1.005,777507500.0,781.4,0.8,-0.1,-0.001,0.0,563360,A500ETF华泰柏瑞,2025-09-06 17:14:18,,,,,,,,,,,,,,,,,,,,,,,,
2025-05-12,0.998,1.006,0.997,1.006,624609499.0,628.36,0.91,1.21,0.012,0.0,563360,A500ETF华泰柏瑞,2025-09-06 17:14:18,,,,,,,,,,,,,,,,,,,,,,,,
2025-05-09,0.996,0.996,0.99,0.994,287774736.0,286.05,0.6,-0.2,-0.002,0.0,563360,A500ETF华泰柏瑞,2025-09-06 17:14:18,,,,,,,,,,,,,,,,,,,,,,,,
2025-05-08,0.99,1.0,0.988,0.996,570266571.0,567.99,1.21,0.5,0.005,0.0,563360,A500ETF华泰柏瑞,2025-09-06 17:14:18,,,,,,,,,,,,,,,,,,,,,,,,
2025-05-07,1.008,1.009,0.986,0.991,452840416.0,448.76,2.33,0.51,0.005,0.0,563360,A500ETF华泰柏瑞,2025-09-06 17:14:18,,,,,,,,,,,,,,,,,,,,,,,,
2025-05-06,0.977,0.987,0.977,0.986,434599600.0,428.52,1.03,1.34,0.013,0.0,563360,A500ETF华泰柏瑞,2025-09-06 17:14:18,,,,,,,,,,,,,,,,,,,,,,,,
2025-04-30,0.971,0.977,0.97,0.973,624328911.0,607.47,0.72,0.21,0.002,0.0,563360,A500ETF华泰柏瑞,2025-09-06 17:14:18,,,,,,,,,,,,,,,,,,,,,,,,
2025-04-29,0.971,0.975,0.969,0.971,544994833.0,529.19,0.62,-0.1,-0.001,0.0,563360,A500ETF华泰柏瑞,2025-09-06 17:14:18,,,,,,,,,,,,,,,,,,,,,,,,
2025-04-28,0.976,0.976,0.97,0.972,504498750.0,490.37,0.62,-0.21,-0.002,0.0,563360,A500ETF华泰柏瑞,2025-09-06 17:14:18,,,,,,,,,,,,,,,,,,,,,,,,
2025-04-25,0.974,0.98,0.973,0.974,864333596.0,841.86,0.72,0.0,0.0,0.0,563360,A500ETF华泰柏瑞,2025-09-06 17:14:18,,,,,,,,,,,,,,,,,,,,,,,,
2025-04-24,0.975,0.98,0.97,0.974,941434118.0,916.96,1.03,-0.1,-0.001,0.0,563360,A500ETF华泰柏瑞,2025-09-06 17:14:18,,,,,,,,,,,,,,,,,,,,,,,,
2025-04-23,0.975,0.98,0.973,0.975,553833460.0,539.99,0.72,0.21,0.002,0.0,563360,A500ETF华泰柏瑞,2025-09-06 17:14:18,,,,,,,,,,,,,,,,,,,,,,,,
2025-04-22,0.973,0.977,0.972,0.973,474760200.0,461.94,0.51,0.0,0.0,0.0,563360,A500ETF华泰柏瑞,2025-09-06 17:14:18,,,,,,,,,,,,,,,,,,,,,,,,
2025-04-21,0.966,0.976,0.965,0.973,421196254.0,409.82,1.14,0.52,0.005,0.0,563360,A500ETF华泰柏瑞,2025-09-06 17:14:18,,,,,,,,,,,,,,,,,,,,,,,,
2025-04-18,0.965,0.969,0.962,0.968,573997444.0,555.63,0.72,0.21,0.002,0.0,563360,A500ETF华泰柏瑞,2025-09-06 17:14:18,,,,,,,,,,,,,,,,,,,,,,,,
2025-04-17,0.963,0.971,0.962,0.966,430820521.0,416.17,0.93,-0.1,-0.001,0.0,563360,A500ETF华泰柏瑞,2025-09-06 17:14:18,,,,,,,,,,,,,,,,,,,,,,,,
2025-04-16,0.964,0.968,0.955,0.967,463435948.0,448.14,1.35,0.1,0.001,0.0,563360,A500ETF华泰柏瑞,2025-09-06 17:14:18,,,,,,,,,,,,,,,,,,,,,,,,
2025-04-15,0.967,0.968,0.961,0.966,537586349.0,519.31,0.72,-0.21,-0.002,0.0,563360,A500ETF华泰柏瑞,2025-09-06 17:14:18,,,,,,,,,,,,,,,,,,,,,,,,
2025-04-14,0.97,0.973,0.966,0.968,420513843.0,407.06,0.73,0.41,0.004,0.0,563360,A500ETF华泰柏瑞,2025-09-06 17:14:18,,,,,,,,,,,,,,,,,,,,,,,,
2025-04-11,0.954,0.969,0.952,0.964,462614759.0,445.96,1.77,0.63,0.006,0.0,563360,A500ETF华泰柏瑞,2025-09-06 17:14:18,,,,,,,,,,,,,,,,,,,,,,,,
2025-04-10,0.949,0.967,0.949,0.958,647113282.0,619.93,1.91,1.91,0.018,0.0,563360,A500ETF华泰柏瑞,2025-09-06 17:14:18,,,,,,,,,,,,,,,,,,,,,,,,
2025-04-09,0.915,0.946,0.913,0.94,531303316.0,499.43,3.56,1.4,0.013,0.0,563360,A500ETF华泰柏瑞,2025-09-06 17:14:18,,,,,,,,,,,,,,,,,,,,,,,,
2025-04-08,0.914,0.931,0.914,0.927,750525293.0,695.74,1.88,2.43,0.022,0.0,563360,A500ETF华泰柏瑞,2025-09-06 17:14:18,,,,,,,,,,,,,,,,,,,,,,,,
2025-04-07,0.969,0.969,0.897,0.905,1390184747.0,1258.12,7.22,-9.23,-0.092,0.0,563360,A500ETF华泰柏瑞,2025-09-06 17:14:18,,,,,,,,,,,,,,,,,,,,,,,,
2025-04-03,0.996,1.006,0.994,0.997,923235616.0,920.47,1.19,-0.89,-0.009,0.0,563360,A500ETF华泰柏瑞,2025-09-06 17:14:18,,,,,,,,,,,,,,,,,,,,,,,,
2025-04-02,1.008,1.012,1.004,1.006,926377143.0,931.94,0.79,-0.2,-0.002,0.0,563360,A500ETF华泰柏瑞,2025-09-06 17:14:18,,,,,,,,,,,,,,,,,,,,,,,,
2025-04-01,1.007,1.013,1.005,1.008,1047521711.0,1055.9,0.79,0.1,0.001,0.0,563360,A500ETF华泰柏瑞,2025-09-06 17:14:18,,,,,,,,,,,,,,,,,,,,,,,,
2025-03-31,1.013,1.016,1.0,1.007,1253036600.0,1261.81,1.58,-0.69,-0.007,0.0,563360,A500ETF华泰柏瑞,2025-09-06 17:14:18,,,,,,,,,,,,,,,,,,,,,,,,
2025-03-28,1.02,1.02,1.012,1.014,1170938532.0,1187.33,0.79,-0.49,-0.005,0.0,563360,A500ETF华泰柏瑞,2025-09-06 17:14:18,,,,,,,,,,,,,,,,,,,,,,,,
2025-03-27,1.016,1.026,1.011,1.019,1042680000.0,1062.49,1.48,0.3,0.003,0.0,563360,A500ETF华泰柏瑞,2025-09-06 17:14:18,,,,,,,,,,,,,,,,,,,,,,,,
2025-03-26,1.017,1.023,1.015,1.016,935930605.0,950.91,0.78,-0.39,-0.004,0.0,563360,A500ETF华泰柏瑞,2025-09-06 17:14:18,,,,,,,,,,,,,,,,,,,,,,,,
2025-03-25,1.021,1.024,1.017,1.02,1138725880.0,1161.5,0.69,-0.1,-0.001,0.0,563360,A500ETF华泰柏瑞,2025-09-06 17:14:18,,,,,,,,,,,,,,,,,,,,,,,,
2025-03-24,1.019,1.023,1.013,1.021,1062770776.0,1085.09,0.98,0.2,0.002,0.0,563360,A500ETF华泰柏瑞,2025-09-06 17:14:18,,,,,,,,,,,,,,,,,,,,,,,,
2025-03-21,1.031,1.036,1.015,1.019,1132953626.0,1154.48,2.03,-1.45,-0.015,0.0,563360,A500ETF华泰柏瑞,2025-09-06 17:14:18,,,,,,,,,,,,,,,,,,,,,,,,
2025-03-20,1.042,1.043,1.033,1.034,1094502936.0,1131.72,0.96,-0.77,-0.008,0.0,563360,A500ETF华泰柏瑞,2025-09-06 17:14:18,,,,,,,,,,,,,,,,,,,,,,,,
2025-03-19,1.043,1.047,1.038,1.042,1019015658.0,1061.81,0.86,-0.19,-0.002,0.0,563360,A500ETF华泰柏瑞,2025-09-06 17:14:18,,,,,,,,,,,,,,,,,,,,,,,,
2025-03-18,1.045,1.047,1.041,1.044,1213086067.0,1266.46,0.58,0.48,0.005,0.0,563360,A500ETF华泰柏瑞,2025-09-06 17:14:18,,,,,,,,,,,,,,,,,,,,,,,,
2025-03-17,1.045,1.046,1.038,1.039,1102610306.0,1145.61,0.77,-0.19,-0.002,0.0,563360,A500ETF华泰柏瑞,2025-09-06 17:14:18,,,,,,,,,,,,,,,,,,,,,,,,
2025-03-14,1.019,1.044,1.019,1.041,1273366950.0,1325.57,2.45,2.16,0.022,0.0,563360,A500ETF华泰柏瑞,2025-09-06 17:14:18,,,,,,,,,,,,,,,,,,,,,,,,
2025-03-13,1.023,1.028,1.014,1.019,1071159110.0,1091.51,1.37,-0.59,-0.006,0.0,563360,A500ETF华泰柏瑞,2025-09-06 17:14:18,,,,,,,,,,,,,,,,,,,,,,,,
2025-03-12,1.027,1.033,1.023,1.025,1011152300.0,1036.43,0.97,-0.19,-0.002,0.0,563360,A500ETF华泰柏瑞,2025-09-06 17:14:18,,,,,,,,,,,,,,,,,,,,,,,,
2025-03-11,1.02,1.027,1.013,1.027,878952355.0,902.68,1.36,0.1,0.001,0.0,563360,A500ETF华泰柏瑞,2025-09-06 17:14:18,,,,,,,,,,,,,,,,,,,,,,,,
2025-03-10,1.027,1.031,1.019,1.026,1106099236.0,1134.86,1.17,-0.19,-0.002,0.0,563360,A500ETF华泰柏瑞,2025-09-06 17:14:18,,,,,,,,,,,,,,,,,,,,,,,,
2025-03-07,1.026,1.035,1.026,1.028,1475098388.0,1516.4,0.87,-0.19,-0.002,0.0,563360,A500ETF华泰柏瑞,2025-09-06 17:14:18,,,,,,,,,,,,,,,,,,,,,,,,
2025-03-06,1.017,1.033,1.017,1.03,1559047624.0,1605.82,1.58,1.58,0.016,0.0,563360,A500ETF华泰柏瑞,2025-09-06 17:14:18,,,,,,,,,,,,,,,,,,,,,,,,
2025-03-05,1.012,1.017,1.007,1.014,1918054799.0,1944.91,0.99,0.3,0.003,0.0,563360,A500ETF华泰柏瑞,2025-09-06 17:14:18,,,,,,,,,,,,,,,,,,,,,,,,
2025-03-04,1.01,1.013,1.003,1.011,2240698670.0,2265.35,0.99,0.0,0.0,0.0,563360,A500ETF华泰柏瑞,2025-09-06 17:14:18,,,,,,,,,,,,,,,,,,,,,,,,
2025-03-03,1.012,1.023,1.006,1.011,2079899845.0,2102.78,1.68,-0.1,-0.001,0.0,563360,A500ETF华泰柏瑞,2025-09-06 17:14:18,,,,,,,,,,,,,,,,,,,,,,,,
2025-02-28,1.029,1.032,1.009,1.012,2258567335.0,2285.67,2.22,-2.22,-0.023,0.0,563360,A500ETF华泰柏瑞,2025-09-06 17:14:18,,,,,,,,,,,,,,,,,,,,,,,,
2025-02-27,1.033,1.036,1.024,1.035,1979232384.0,2048.51,1.16,0.19,0.002,0.0,563360,A500ETF华泰柏瑞,2025-09-06 17:14:18,,,,,,,,,,,,,,,,,,,,,,,,
2025-02-26,1.026,1.035,1.024,1.033,2232929303.0,2306.62,1.07,0.68,0.007,0.0,563360,A500ETF华泰柏瑞,2025-09-06 17:14:18,,,,,,,,,,,,,,,,,,,,,,,,
2025-02-25,1.026,1.033,1.022,1.026,2374389853.0,2436.12,1.06,-0.87,-0.009,0.0,563360,A500ETF华泰柏瑞,2025-09-06 17:14:18,,,,,,,,,,,,,,,,,,,,,,,,
2025-02-24,1.032,1.041,1.029,1.035,2613010043.0,2704.47,1.16,-0.29,-0.003,0.0,563360,A500ETF华泰柏瑞,2025-09-06 17:14:18,,,,,,,,,,,,,,,,,,,,,,,,
2025-02-21,1.023,1.039,1.023,1.038,2611516854.0,2710.75,1.56,1.47,0.015,0.0,563360,A500ETF华泰柏瑞,2025-09-06 17:14:18,,,,,,,,,,,,,,,,,,,,,,,,
2025-02-20,1.024,1.026,1.019,1.023,2609051265.0,2669.06,0.68,-0.1,-0.001,0.0,563360,A500ETF华泰柏瑞,2025-09-06 17:14:18,,,,,,,,,,,,,,,,,,,,,,,,
2025-02-19,1.017,1.025,1.011,1.024,2645685497.0,2709.18,1.38,0.79,0.008,0.0,563360,A500ETF华泰柏瑞,2025-09-06 17:14:18,,,,,,,,,,,,,,,,,,,,,,,,
2025-02-18,1.024,1.03,1.012,1.016,2767874418.0,2812.16,1.75,-0.97,-0.01,0.0,563360,A500ETF华泰柏瑞,2025-09-06 17:14:18,,,,,,,,,,,,,,,,,,,,,,,,
2025-02-17,1.03,1.03,1.019,1.026,2670650329.0,2740.09,1.07,0.1,0.001,0.0,563360,A500ETF华泰柏瑞,2025-09-06 17:14:18,,,,,,,,,,,,,,,,,,,,,,,,
2025-02-14,1.015,1.027,1.015,1.025,2825623308.0,2896.26,1.18,0.69,0.007,0.0,563360,A500ETF华泰柏瑞,2025-09-06 17:14:18,,,,,,,,,,,,,,,,,,,,,,,,
2025-02-13,1.019,1.025,1.015,1.018,3055984455.0,3110.99,0.98,-0.39,-0.004,0.0,563360,A500ETF华泰柏瑞,2025-09-06 17:14:18,,,,,,,,,,,,,,,,,,,,,,,,
2025-02-12,1.009,1.024,1.006,1.022,3010298486.0,3076.53,1.78,1.09,0.011,0.0,563360,A500ETF华泰柏瑞,2025-09-06 17:14:18,,,,,,,,,,,,,,,,,,,,,,,,
2025-02-11,1.016,1.017,1.006,1.011,2697045514.0,2726.71,1.08,-0.3,-0.003,0.0,563360,A500ETF华泰柏瑞,2025-09-06 17:14:18,,,,,,,,,,,,,,,,,,,,,,,,
2025-02-10,1.01,1.016,1.007,1.014,2795832025.0,2834.97,0.89,0.5,0.005,0.0,563360,A500ETF华泰柏瑞,2025-09-06 17:14:18,,,,,,,,,,,,,,,,,,,,,,,,
2025-02-07,0.996,1.018,0.993,1.009,3003122324.0,3030.15,2.51,1.41,0.014,0.0,563360,A500ETF华泰柏瑞,2025-09-06 17:14:18,,,,,,,,,,,,,,,,,,,,,,,,
2025-02-06,0.98,0.996,0.976,0.995,3055751182.0,3040.47,2.04,1.53,0.015,0.0,563360,A500ETF华泰柏瑞,2025-09-06 17:14:18,,,,,,,,,,,,,,,,,,,,,,,,
2025-02-05,0.987,0.989,0.976,0.98,2825428672.0,2768.92,1.32,-0.31,-0.003,0.0,563360,A500ETF华泰柏瑞,2025-09-06 17:14:18,,,,,,,,,,,,,,,,,,,,,,,,
2025-01-27,0.991,0.993,0.983,0.983,2926254388.0,2876.51,1.01,-0.61,-0.006,0.0,563360,A500ETF华泰柏瑞,2025-09-06 17:14:18,,,,,,,,,,,,,,,,,,,,,,,,
2025-01-24,0.98,0.992,0.979,0.989,3084575542.0,3050.65,1.33,0.92,0.009,0.0,563360,A500ETF华泰柏瑞,2025-09-06 17:14:18,,,,,,,,,,,,,,,,,,,,,,,,
2025-01-23,0.988,0.997,0.978,0.98,3054707388.0,2993.61,1.94,0.0,0.0,0.0,563360,A500ETF华泰柏瑞,2025-09-06 17:14:18,,,,,,,,,,,,,,,,,,,,,,,,
2025-01-22,0.985,0.987,0.974,0.98,2940155111.0,2881.35,1.31,-0.91,-0.009,0.0,563360,A500ETF华泰柏瑞,2025-09-06 17:14:18,,,,,,,,,,,,,,,,,,,,,,,,
2025-01-21,0.994,0.994,0.982,0.989,2983568316.0,2950.75,1.22,0.3,0.003,0.0,563360,A500ETF华泰柏瑞,2025-09-06 17:14:18,,,,,,,,,,,,,,,,,,,,,,,,
2025-01-20,0.989,0.994,0.983,0.986,2742549176.0,2704.15,1.12,0.41,0.004,0.0,563360,A500ETF华泰柏瑞,2025-09-06 17:14:18,,,,,,,,,,,,,,,,,,,,,,,,
2025-01-17,0.972,0.987,0.972,0.982,3042929333.0,2988.16,1.54,0.51,0.005,0.0,563360,A500ETF华泰柏瑞,2025-09-06 17:14:18,,,,,,,,,,,,,,,,,,,,,,,,
2025-01-16,0.978,0.991,0.97,0.977,3238946874.0,3164.45,2.15,0.1,0.001,0.0,563360,A500ETF华泰柏瑞,2025-09-06 17:14:18,,,,,,,,,,,,,,,,,,,,,,,,
2025-01-15,0.978,0.981,0.974,0.976,3098853511.0,3024.48,0.71,-0.61,-0.006,0.0,563360,A500ETF华泰柏瑞,2025-09-06 17:14:18,,,,,,,,,,,,,,,,,,,,,,,,
2025-01-14,0.956,0.984,0.952,0.982,3634555473.0,3569.13,3.35,2.83,0.027,0.0,563360,A500ETF华泰柏瑞,2025-09-06 17:14:18,,,,,,,,,,,,,,,,,,,,,,,,
2025-01-13,0.95,0.96,0.948,0.955,3177344410.0,3034.36,1.25,-0.31,-0.003,0.0,563360,A500ETF华泰柏瑞,2025-09-06 17:14:18,,,,,,,,,,,,,,,,,,,,,,,,
2025-01-10,0.969,0.972,0.958,0.958,3281523926.0,3143.7,1.44,-1.14,-0.011,0.0,563360,A500ETF华泰柏瑞,2025-09-06 17:14:18,,,,,,,,,,,,,,,,,,,,,,,,
2025-01-09,0.968,0.973,0.967,0.969,2982629965.0,2890.17,0.62,-0.1,-0.001,0.0,563360,A500ETF华泰柏瑞,2025-09-06 17:14:18,,,,,,,,,,,,,,,,,,,,,,,,
2025-01-08,0.969,0.978,0.953,0.97,3473745877.0,3369.53,2.57,-0.31,-0.003,0.0,563360,A500ETF华泰柏瑞,2025-09-06 17:14:18,,,,,,,,,,,,,,,,,,,,,,,,
2025-01-07,0.964,0.973,0.961,0.973,2919551198.0,2840.72,1.24,0.93,0.009,0.0,563360,A500ETF华泰柏瑞,2025-09-06 17:14:18,,,,,,,,,,,,,,,,,,,,,,,,
2025-01-06,0.968,0.97,0.959,0.964,3692659248.0,3559.72,1.14,-0.41,-0.004,0.0,563360,A500ETF华泰柏瑞,2025-09-06 17:14:18,,,,,,,,,,,,,,,,,,,,,,,,
2025-01-03,0.981,0.984,0.965,0.968,4097541414.0,3966.42,1.94,-1.22,-0.012,0.0,563360,A500ETF华泰柏瑞,2025-09-06 17:14:18,,,,,,,,,,,,,,,,,,,,,,,,
2025-01-02,1.007,1.01,0.973,0.98,5023969432.0,4923.49,3.66,-3.16,-0.032,0.0,563360,A500ETF华泰柏瑞,2025-09-06 17:14:18,,,,,,,,,,,,,,,,,,,,,,,,
2024-12-31,1.027,1.03,1.011,1.012,4109706573.0,4159.02,1.85,-1.46,-0.015,0.0,563360,A500ETF华泰柏瑞,2025-09-06 17:14:18,,,,,,,,,,,,,,,,,,,,,,,,
2024-12-30,1.023,1.031,1.023,1.027,3591420868.0,3688.39,0.78,0.39,0.004,0.0,563360,A500ETF华泰柏瑞,2025-09-06 17:14:18,,,,,,,,,,,,,,,,,,,,,,,,
2024-12-27,1.026,1.033,1.022,1.023,3728638061.0,3814.4,1.07,-0.2,-0.002,0.0,563360,A500ETF华泰柏瑞,2025-09-06 17:14:18,,,,,,,,,,,,,,,,,,,,,,,,
2024-12-26,1.022,1.028,1.02,1.025,3238754502.0,3319.72,0.78,0.2,0.002,0.0,563360,A500ETF华泰柏瑞,2025-09-06 17:14:18,,,,,,,,,,,,,,,,,,,,,,,,
2024-12-25,1.024,1.029,1.019,1.023,2883974566.0,2950.31,0.98,-0.1,-0.001,0.0,563360,A500ETF华泰柏瑞,2025-09-06 17:14:18,,,,,,,,,,,,,,,,,,,,,,,,
2024-12-24,1.013,1.026,1.013,1.024,3201769407.0,3278.61,1.28,1.09,0.011,0.0,563360,A500ETF华泰柏瑞,2025-09-06 17:14:18,,,,,,,,,,,,,,,,,,,,,,,,
2024-12-23,1.014,1.023,1.012,1.013,2740690334.0,2776.32,1.08,-0.3,-0.003,0.0,563360,A500ETF华泰柏瑞,2025-09-06 17:14:18,,,,,,,,,,,,,,,,,,,,,,,,
2024-12-20,1.02,1.024,1.014,1.016,2701106987.0,2744.32,0.98,-0.29,-0.003,0.0,563360,A500ETF华泰柏瑞,2025-09-06 17:14:18,,,,,,,,,,,,,,,,,,,,,,,,
2024-12-19,1.008,1.021,1.004,1.019,2271676618.0,2314.84,1.67,0.3,0.003,0.0,563360,A500ETF华泰柏瑞,2025-09-06 17:14:18,,,,,,,,,,,,,,,,,,,,,,,,
2024-12-18,1.013,1.021,1.013,1.016,2211087693.0,2246.47,0.79,0.49,0.005,0.0,563360,A500ETF华泰柏瑞,2025-09-06 17:14:18,,,,,,,,,,,,,,,,,,,,,,,,
2024-12-17,1.007,1.021,1.007,1.011,2728403362.0,2758.42,1.38,0.0,0.0,0.0,563360,A500ETF华泰柏瑞,2025-09-06 17:14:18,,,,,,,,,,,,,,,,,,,,,,,,
2024-12-16,1.019,1.019,1.007,1.011,2539717624.0,2567.65,1.18,-0.79,-0.008,0.0,563360,A500ETF华泰柏瑞,2025-09-06 17:14:18,,,,,,,,,,,,,,,,,,,,,,,,
2024-12-13,1.036,1.037,1.016,1.019,3116810990.0,3176.03,2.02,-2.21,-0.023,0.0,563360,A500ETF华泰柏瑞,2025-09-06 17:14:18,,,,,,,,,,,,,,,,,,,,,,,,
2024-12-12,1.032,1.043,1.03,1.042,2320419880.0,2417.88,1.26,0.97,0.01,0.0,563360,A500ETF华泰柏瑞,2025-09-06 17:14:18,,,,,,,,,,,,,,,,,,,,,,,,
2024-12-11,1.031,1.036,1.029,1.032,2562602540.0,2644.61,0.68,-0.1,-0.001,0.0,563360,A500ETF华泰柏瑞,2025-09-06 17:14:18,,,,,,,,,,,,,,,,,,,,,,,,
2024-12-10,1.067,1.07,1.03,1.033,2819399606.0,2912.44,3.9,0.68,0.007,0.0,563360,A500ETF华泰柏瑞,2025-09-06 17:14:18,,,,,,,,,,,,,,,,,,,,,,,,
2024-12-09,1.029,1.034,1.019,1.026,2072670810.0,2126.56,1.46,-0.19,-0.002,0.0,563360,A500ETF华泰柏瑞,2025-09-06 17:14:18,,,,,,,,,,,,,,,,,,,,,,,,
2024-12-06,1.013,1.034,1.013,1.028,1931326204.0,1985.4,2.07,1.28,0.013,0.0,563360,A500ETF华泰柏瑞,2025-09-06 17:14:18,,,,,,,,,,,,,,,,,,,,,,,,
2024-12-05,1.012,1.018,1.01,1.015,1639410309.0,1664.0,0.79,-0.1,-0.001,0.0,563360,A500ETF华泰柏瑞,2025-09-06 17:14:18,,,,,,,,,,,,,,,,,,,,,,,,
2024-12-04,1.021,1.023,1.011,1.016,1467987075.0,1491.47,1.17,-0.59,-0.006,0.0,563360,A500ETF华泰柏瑞,2025-09-06 17:14:18,,,,,,,,,,,,,,,,,,,,,,,,
2024-12-03,1.029,1.029,1.014,1.022,1424124772.0,1455.46,1.47,0.0,0.0,0.0,563360,A500ETF华泰柏瑞,2025-09-06 17:14:18,,,,,,,,,,,,,,,,,,,,,,,,
2024-12-02,1.011,1.025,1.009,1.022,1543549542.0,1577.51,1.58,1.09,0.011,0.0,563360,A500ETF华泰柏瑞,2025-09-06 17:14:18,,,,,,,,,,,,,,,,,,,,,,,,
2024-11-29,0.999,1.022,0.999,1.011,1603530011.0,1621.17,2.3,1.1,0.011,0.0,563360,A500ETF华泰柏瑞,2025-09-06 17:14:18,,,,,,,,,,,,,,,,,,,,,,,,
2024-11-28,1.006,1.01,0.997,1.0,1473093655.0,1473.09,1.29,-0.79,-0.008,0.0,563360,A500ETF华泰柏瑞,2025-09-06 17:14:18,,,,,,,,,,,,,,,,,,,,,,,,
2024-11-27,0.99,1.01,0.982,1.008,1734111820.0,1747.98,2.83,1.72,0.017,0.0,563360,A500ETF华泰柏瑞,2025-09-06 17:14:18,,,,,,,,,,,,,,,,,,,,,,,,
2024-11-26,0.994,1.001,0.99,0.991,1433765025.0,1420.86,1.11,-0.4,-0.004,0.0,563360,A500ETF华泰柏瑞,2025-09-06 17:14:18,,,,,,,,,,,,,,,,,,,,,,,,
2024-11-25,1.003,1.005,0.985,0.995,1455664591.0,1448.39,1.99,-0.8,-0.008,0.0,563360,A500ETF华泰柏瑞,2025-09-06 17:14:18,,,,,,,,,,,,,,,,,,,,,,,,
2024-11-22,1.031,1.033,1.0,1.003,1591595278.0,1596.37,3.19,-2.9,-0.03,0.0,563360,A500ETF华泰柏瑞,2025-09-06 17:14:18,,,,,,,,,,,,,,,,,,,,,,,,
2024-11-21,1.031,1.036,1.025,1.033,1193179381.0,1232.55,1.07,0.1,0.001,0.0,563360,A500ETF华泰柏瑞,2025-09-06 17:14:18,,,,,,,,,,,,,,,,,,,,,,,,
2024-11-20,1.023,1.037,1.021,1.032,1423309621.0,1468.86,1.56,0.49,0.005,0.0,563360,A500ETF华泰柏瑞,2025-09-06 17:14:18,,,,,,,,,,,,,,,,,,,,,,,,
2024-11-19,1.018,1.027,1.004,1.027,1582838774.0,1625.58,2.26,0.79,0.008,0.0,563360,A500ETF华泰柏瑞,2025-09-06 17:14:18,,,,,,,,,,,,,,,,,,,,,,,,
2024-11-18,1.029,1.038,1.013,1.019,1556013816.0,1585.58,2.43,-0.78,-0.008,0.0,563360,A500ETF华泰柏瑞,2025-09-06 17:14:18,,,,,,,,,,,,,,,,,,,,,,,,
2024-11-15,1.045,1.048,1.025,1.027,1492256242.0,1532.55,2.2,-1.91,-0.02,0.0,563360,A500ETF华泰柏瑞,2025-09-06 17:14:18,,,,,,,,,,,,,,,,,,,,,,,,
2024-11-14,1.067,1.068,1.045,1.047,1309497212.0,1371.04,2.15,-1.97,-0.021,0.0,563360,A500ETF华泰柏瑞,2025-09-06 17:14:18,,,,,,,,,,,,,,,,,,,,,,,,
2024-11-13,1.057,1.071,1.056,1.068,1297658934.0,1385.9,1.41,0.38,0.004,0.0,563360,A500ETF华泰柏瑞,2025-09-06 17:14:18,,,,,,,,,,,,,,,,,,,,,,,,
2024-11-12,1.076,1.089,1.057,1.064,1408530814.0,1498.68,2.98,-1.02,-0.011,0.0,563360,A500ETF华泰柏瑞,2025-09-06 17:14:18,,,,,,,,,,,,,,,,,,,,,,,,
2024-11-11,1.059,1.078,1.052,1.075,1070227341.0,1150.49,2.44,1.03,0.011,0.0,563360,A500ETF华泰柏瑞,2025-09-06 17:14:18,,,,,,,,,,,,,,,,,,,,,,,,
2024-11-08,1.088,1.095,1.062,1.064,1439717843.0,1531.86,3.07,-0.93,-0.01,0.0,563360,A500ETF华泰柏瑞,2025-09-06 17:14:18,,,,,,,,,,,,,,,,,,,,,,,,
2024-11-07,1.042,1.074,1.035,1.074,1145075361.0,1229.81,3.73,2.68,0.028,0.0,563360,A500ETF华泰柏瑞,2025-09-06 17:14:18,,,,,,,,,,,,,,,,,,,,,,,,
2024-11-06,1.054,1.062,1.04,1.046,1347775391.0,1409.77,2.09,-0.48,-0.005,0.0,563360,A500ETF华泰柏瑞,2025-09-06 17:14:18,,,,,,,,,,,,,,,,,,,,,,,,
2024-11-05,1.023,1.051,1.018,1.051,851240484.0,894.65,3.23,2.84,0.029,0.0,563360,A500ETF华泰柏瑞,2025-09-06 17:14:18,,,,,,,,,,,,,,,,,,,,,,,,
2024-11-04,1.009,1.022,1.007,1.022,805489697.0,823.21,1.49,1.29,0.013,0.0,563360,A500ETF华泰柏瑞,2025-09-06 17:14:18,,,,,,,,,,,,,,,,,,,,,,,,
2024-11-01,1.005,1.019,1.004,1.009,769348019.0,776.27,1.48,-0.2,-0.002,0.0,563360,A500ETF华泰柏瑞,2025-09-06 17:14:18,,,,,,,,,,,,,,,,,,,,,,,,
2024-10-31,1.008,1.019,1.001,1.011,599210001.0,605.8,1.78,0.2,0.002,0.0,563360,A500ETF华泰柏瑞,2025-09-06 17:14:18,,,,,,,,,,,,,,,,,,,,,,,,
2024-10-30,1.016,1.017,1.001,1.009,1475263372.0,1488.54,1.57,-0.69,-0.007,0.0,563360,A500ETF华泰柏瑞,2025-09-06 17:14:18,,,,,,,,,,,,,,,,,,,,,,,,
2024-10-29,1.025,1.031,1.013,1.016,1047405657.0,1064.16,1.76,-0.88,-0.009,0.0,563360,A500ETF华泰柏瑞,2025-09-06 17:14:18,,,,,,,,,,,,,,,,,,,,,,,,
2024-10-28,1.021,1.025,1.01,1.025,952914447.0,976.74,1.47,0.39,0.004,0.0,563360,A500ETF华泰柏瑞,2025-09-06 17:14:18,,,,,,,,,,,,,,,,,,,,,,,,
2024-10-25,1.011,1.028,1.009,1.021,607946117.0,620.71,1.88,1.19,0.012,0.0,563360,A500ETF华泰柏瑞,2025-09-06 17:14:18,,,,,,,,,,,,,,,,,,,,,,,,
2024-10-24,1.018,1.018,1.006,1.009,714193125.0,720.62,1.17,-1.27,-0.013,0.0,563360,A500ETF华泰柏瑞,2025-09-06 17:14:18,,,,,,,,,,,,,,,,,,,,,,,,
2024-10-23,1.025,1.032,1.012,1.022,802753404.0,820.41,1.96,0.29,0.003,0.0,563360,A500ETF华泰柏瑞,2025-09-06 17:14:18,,,,,,,,,,,,,,,,,,,,,,,,
2024-10-22,1.008,1.021,1.006,1.019,666804150.0,679.47,1.48,0.79,0.008,0.0,563360,A500ETF华泰柏瑞,2025-09-06 17:14:18,,,,,,,,,,,,,,,,,,,,,,,,
2024-10-21,1.005,1.022,0.997,1.011,940791066.0,951.14,2.5,0.9,0.009,0.0,563360,A500ETF华泰柏瑞,2025-09-06 17:14:18,,,,,,,,,,,,,,,,,,,,,,,,
2024-10-18,0.967,1.026,0.964,1.002,985771780.0,987.74,6.4,3.51,0.034,0.0,563360,A500ETF华泰柏瑞,2025-09-06 17:14:18,,,,,,,,,,,,,,,,,,,,,,,,
2024-10-17,0.987,0.992,0.967,0.968,591111512.0,572.2,2.56,-0.92,-0.009,0.0,563360,A500ETF华泰柏瑞,2025-09-06 17:14:18,,,,,,,,,,,,,,,,,,,,,,,,
2024-10-16,0.974,0.991,0.971,0.977,1039697247.0,1015.78,2.02,-1.21,-0.012,0.0,563360,A500ETF华泰柏瑞,2025-09-06 17:14:18,,,,,,,,,,,,,,,,,,,,,,,,
2024-10-15,1.0,1.01,0.984,0.989,1166098881.0,1153.27,0.0,0.0,0.0,0.0,563360,A500ETF华泰柏瑞,2025-09-06 17:14:18,,,,,,,,,,,,,,,,,,,,,,,,
